timestamp,trade_price,trade_volume,trade_direction,stock
2023-01-01 00:00:00,108.74540118847362,914,buy,AAPL
2023-01-01 00:00:01,114.50714306409915,111,buy,AAPL
2023-01-01 00:00:02,112.31993941811405,417,buy,AAPL
2023-01-01 00:00:03,110.98658484197037,691,buy,AAPL
2023-01-01 00:00:04,106.56018640442437,315,sell,AAPL
2023-01-01 00:00:05,106.55994520336202,438,sell,AAPL
2023-01-01 00:00:06,105.580836121682,875,sell,AAPL
2023-01-01 00:00:07,113.66176145774935,760,buy,AAPL
2023-01-01 00:00:08,111.0111501174321,180,sell,AAPL
2023-01-01 00:00:09,112.08072577796045,826,sell,AAPL
2023-01-01 00:00:10,105.20584494295802,584,sell,AAPL
2023-01-01 00:00:11,114.69909852161994,473,sell,AAPL
2023-01-01 00:00:12,113.32442640800421,809,sell,AAPL
2023-01-01 00:00:13,107.12339110678276,299,buy,AAPL
2023-01-01 00:00:14,106.818249672071,636,buy,AAPL
2023-01-01 00:00:15,106.83404509853433,565,sell,AAPL
2023-01-01 00:00:16,108.04242242959538,188,sell,AAPL
2023-01-01 00:00:17,110.24756431632238,367,sell,AAPL
2023-01-01 00:00:18,109.31945018642116,754,buy,AAPL
2023-01-01 00:00:19,107.91229140198043,670,buy,AAPL
2023-01-01 00:00:20,111.1185289472238,588,sell,AAPL
2023-01-01 00:00:21,106.39493860652041,976,buy,AAPL
2023-01-01 00:00:22,107.92144648535218,637,buy,AAPL
2023-01-01 00:00:23,108.66361843293691,146,sell,AAPL
2023-01-01 00:00:24,109.56069984217037,387,buy,AAPL
2023-01-01 00:00:25,112.85175961393014,877,buy,AAPL
2023-01-01 00:00:26,106.9967378215836,115,sell,AAPL
2023-01-01 00:00:27,110.14234438413612,810,buy,AAPL
2023-01-01 00:00:28,110.92414568862043,500,buy,AAPL
2023-01-01 00:00:29,105.46450412719997,893,sell,AAPL
2023-01-01 00:00:30,111.07544851901439,185,buy,AAPL
2023-01-01 00:00:31,106.70524123687292,349,buy,AAPL
2023-01-01 00:00:32,105.6505159298528,490,sell,AAPL
2023-01-01 00:00:33,114.48885537253334,881,sell,AAPL
2023-01-01 00:00:34,114.65632033074559,434,sell,AAPL
2023-01-01 00:00:35,113.0839734811646,728,buy,AAPL
2023-01-01 00:00:36,108.0461376917337,618,sell,AAPL
2023-01-01 00:00:37,105.97672114006384,236,buy,AAPL
2023-01-01 00:00:38,111.84233026512157,982,sell,AAPL
2023-01-01 00:00:39,109.40152493739602,787,buy,AAPL
2023-01-01 00:00:40,106.22038234844779,939,sell,AAPL
2023-01-01 00:00:41,109.9517691011127,597,sell,AAPL
2023-01-01 00:00:42,105.34388521115218,926,sell,AAPL
2023-01-01 00:00:43,114.09320402078782,826,sell,AAPL
2023-01-01 00:00:44,107.58779981600017,576,buy,AAPL
2023-01-01 00:00:45,111.62522284353982,693,sell,AAPL
2023-01-01 00:00:46,108.1171107608941,322,sell,AAPL
2023-01-01 00:00:47,110.2006802117781,471,buy,AAPL
2023-01-01 00:00:48,110.4671027934328,501,sell,AAPL
2023-01-01 00:00:49,106.84854455525527,542,buy,AAPL
2023-01-01 00:00:50,114.69584627764559,589,sell,AAPL
2023-01-01 00:00:51,112.75132823361115,714,sell,AAPL
2023-01-01 00:00:52,114.39498941564189,372,sell,AAPL
2023-01-01 00:00:53,113.94827350427649,625,buy,AAPL
2023-01-01 00:00:54,110.97899978811085,258,sell,AAPL
2023-01-01 00:00:55,114.21874235023117,251,sell,AAPL
2023-01-01 00:00:56,105.88492502051919,719,sell,AAPL
2023-01-01 00:00:57,106.95982862419145,287,buy,AAPL
2023-01-01 00:00:58,105.45227288910539,912,buy,AAPL
2023-01-01 00:00:59,108.25330330763265,197,sell,AAPL
2023-01-01 00:01:00,108.88677289689483,230,buy,AAPL
2023-01-01 00:01:01,107.71349031773896,904,sell,AAPL
2023-01-01 00:01:02,113.2873750915193,270,sell,AAPL
2023-01-01 00:01:03,108.5675332669359,282,sell,AAPL
2023-01-01 00:01:04,107.80934509687381,463,sell,AAPL
2023-01-01 00:01:05,110.42696083158249,138,sell,AAPL
2023-01-01 00:01:06,106.40924224974762,626,sell,AAPL
2023-01-01 00:01:07,113.0219698075404,987,sell,AAPL
2023-01-01 00:01:08,105.74550643679771,596,buy,AAPL
2023-01-01 00:01:09,114.86886936600517,615,buy,AAPL
2023-01-01 00:01:10,112.72244769296657,448,buy,AAPL
2023-01-01 00:01:11,106.98715681534172,496,buy,AAPL
2023-01-01 00:01:12,105.05522117123603,821,buy,AAPL
2023-01-01 00:01:13,113.15461428454834,260,buy,AAPL
2023-01-01 00:01:14,112.06857343847616,115,buy,AAPL
2023-01-01 00:01:15,112.29007168040988,592,sell,AAPL
2023-01-01 00:01:16,112.71270346685945,525,sell,AAPL
2023-01-01 00:01:17,105.7404465173409,207,sell,AAPL
2023-01-01 00:01:18,108.58465728544273,993,sell,AAPL
2023-01-01 00:01:19,106.1586905952513,549,buy,AAPL
2023-01-01 00:01:20,113.63103425875593,410,buy,AAPL
2023-01-01 00:01:21,111.23298126827558,838,sell,AAPL
2023-01-01 00:01:22,108.3089802485265,269,sell,AAPL
2023-01-01 00:01:23,105.63558350286024,645,buy,AAPL
2023-01-01 00:01:24,108.10982321715662,513,sell,AAPL
2023-01-01 00:01:25,108.25183322026747,350,sell,AAPL
2023-01-01 00:01:26,112.29606178338064,858,sell,AAPL
2023-01-01 00:01:27,111.37557471355213,880,sell,AAPL
2023-01-01 00:01:28,113.87212742576327,240,buy,AAPL
2023-01-01 00:01:29,109.7221492516195,373,sell,AAPL
2023-01-01 00:01:30,106.19594245938302,515,sell,AAPL
2023-01-01 00:01:31,112.13244787222995,707,buy,AAPL
2023-01-01 00:01:32,112.60785048616897,838,buy,AAPL
2023-01-01 00:01:33,110.61277197569497,990,sell,AAPL
2023-01-01 00:01:34,112.70967179954562,138,buy,AAPL
2023-01-01 00:01:35,109.9379559636439,913,sell,AAPL
2023-01-01 00:01:36,110.22732829381994,128,sell,AAPL
2023-01-01 00:01:37,109.27541018358549,576,buy,AAPL
2023-01-01 00:01:38,105.25419126744096,417,sell,AAPL
2023-01-01 00:01:39,106.07891426993305,344,sell,AAPL
2023-01-01 00:01:40,105.31429185686734,847,sell,AAPL
2023-01-01 00:01:41,111.3641041126378,796,sell,AAPL
2023-01-01 00:01:42,108.14355981076326,371,buy,AAPL
2023-01-01 00:01:43,110.08570691164702,539,buy,AAPL
2023-01-01 00:01:44,114.07566473926093,847,sell,AAPL
2023-01-01 00:01:45,107.49292229148875,338,buy,AAPL
2023-01-01 00:01:46,109.1038292303563,476,sell,AAPL
2023-01-01 00:01:47,112.55551138543049,365,sell,AAPL
2023-01-01 00:01:48,107.28798165491622,458,sell,AAPL
2023-01-01 00:01:49,105.76979909828793,439,sell,AAPL
2023-01-01 00:01:50,107.89751452913768,488,sell,AAPL
2023-01-01 00:01:51,106.61221287254004,676,buy,AAPL
2023-01-01 00:01:52,114.29697652342573,788,sell,AAPL
2023-01-01 00:01:53,113.08120379564417,102,buy,AAPL
2023-01-01 00:01:54,111.33403756510424,528,buy,AAPL
2023-01-01 00:01:55,113.71460590187718,241,sell,AAPL
2023-01-01 00:01:56,113.03672076899115,475,sell,AAPL
2023-01-01 00:01:57,106.86570058886036,769,sell,AAPL
2023-01-01 00:01:58,113.92558998489977,423,sell,AAPL
2023-01-01 00:01:59,110.39342241915651,245,sell,AAPL
2023-01-01 00:02:00,113.07440155164062,392,buy,AAPL
2023-01-01 00:02:01,113.96091299923494,764,sell,AAPL
2023-01-01 00:02:02,108.18003474971864,531,sell,AAPL
2023-01-01 00:02:03,106.10051924527677,804,buy,AAPL
2023-01-01 00:02:04,107.27935162541942,684,buy,AAPL
2023-01-01 00:02:05,109.27107788626256,498,sell,AAPL
2023-01-01 00:02:06,113.18014765922493,916,buy,AAPL
2023-01-01 00:02:07,113.60730583256344,988,sell,AAPL
2023-01-01 00:02:08,105.06952130531191,443,buy,AAPL
2023-01-01 00:02:09,110.10747302577566,239,buy,AAPL
2023-01-01 00:02:10,109.17411003148779,286,sell,AAPL
2023-01-01 00:02:11,107.2210781047073,904,buy,AAPL
2023-01-01 00:02:12,106.19865367333682,160,buy,AAPL
2023-01-01 00:02:13,108.37615171403628,479,buy,AAPL
2023-01-01 00:02:14,114.4290970391252,809,buy,AAPL
2023-01-01 00:02:15,108.23202932020756,906,buy,AAPL
2023-01-01 00:02:16,110.18790621743366,539,buy,AAPL
2023-01-01 00:02:17,112.03018958895177,418,sell,AAPL
2023-01-01 00:02:18,108.63629602379294,401,sell,AAPL
2023-01-01 00:02:19,114.71782082720961,443,buy,AAPL
2023-01-01 00:02:20,114.62447294942112,110,sell,AAPL
2023-01-01 00:02:21,107.51782295825365,161,sell,AAPL
2023-01-01 00:02:22,109.97248505892385,944,sell,AAPL
2023-01-01 00:02:23,108.0087830981677,325,buy,AAPL
2023-01-01 00:02:24,107.84840494377468,252,sell,AAPL
2023-01-01 00:02:25,105.36886947354533,810,buy,AAPL
2023-01-01 00:02:26,111.09564333979897,663,sell,AAPL
2023-01-01 00:02:27,110.02679023228862,871,buy,AAPL
2023-01-01 00:02:28,105.5147875124999,670,buy,AAPL
2023-01-01 00:02:29,107.78646464236611,683,sell,AAPL
2023-01-01 00:02:30,114.08265885966654,759,sell,AAPL
2023-01-01 00:02:31,107.39561890666972,960,buy,AAPL
2023-01-01 00:02:32,106.44894872091223,674,sell,AAPL
2023-01-01 00:02:33,109.89452760277563,409,sell,AAPL
2023-01-01 00:02:34,114.856504541106,984,sell,AAPL
2023-01-01 00:02:35,107.42055271511501,342,buy,AAPL
2023-01-01 00:02:36,111.72135547405878,592,buy,AAPL
2023-01-01 00:02:37,112.61619615328718,465,sell,AAPL
2023-01-01 00:02:38,107.37637543992399,429,sell,AAPL
2023-01-01 00:02:39,112.28216348611859,206,sell,AAPL
2023-01-01 00:02:40,108.67783132719254,325,buy,AAPL
2023-01-01 00:02:41,111.32305830593579,924,buy,AAPL
2023-01-01 00:02:42,111.33529710760895,317,sell,AAPL
2023-01-01 00:02:43,110.35774684074758,852,sell,AAPL
2023-01-01 00:02:44,105.90289770054409,605,sell,AAPL
2023-01-01 00:02:45,113.35302495589238,358,sell,AAPL
2023-01-01 00:02:46,108.20780064971736,987,sell,AAPL
2023-01-01 00:02:47,106.86518510399854,873,sell,AAPL
2023-01-01 00:02:48,105.40775141554764,616,buy,AAPL
2023-01-01 00:02:49,110.90892943188241,872,sell,AAPL
2023-01-01 00:02:50,111.77564361842282,153,buy,AAPL
2023-01-01 00:02:51,105.16587828927857,146,sell,AAPL
2023-01-01 00:02:52,110.12093058299281,826,sell,AAPL
2023-01-01 00:02:53,107.26495775197938,788,buy,AAPL
2023-01-01 00:02:54,111.4517279040945,620,buy,AAPL
2023-01-01 00:02:55,106.74366429004992,198,buy,AAPL
2023-01-01 00:02:56,111.90937738102465,119,buy,AAPL
2023-01-01 00:02:57,108.86735346300537,989,sell,AAPL
2023-01-01 00:02:58,114.36729988736735,852,buy,AAPL
2023-01-01 00:02:59,106.37520944145993,672,sell,AAPL
2023-01-01 00:03:00,108.41066351050259,990,buy,AAPL
2023-01-01 00:03:01,106.13473521240589,589,sell,AAPL
2023-01-01 00:03:02,114.24693618278563,518,sell,AAPL
2023-01-01 00:03:03,113.77339353380981,789,sell,AAPL
2023-01-01 00:03:04,107.57941627715155,949,sell,AAPL
2023-01-01 00:03:05,111.5998404603418,161,sell,AAPL
2023-01-01 00:03:06,113.17222200201216,244,sell,AAPL
2023-01-01 00:03:07,110.55200811599462,315,buy,AAPL
2023-01-01 00:03:08,110.29650578356006,102,sell,AAPL
2023-01-01 00:03:09,107.41852290900452,259,buy,AAPL
2023-01-01 00:03:10,105.931027678059,838,buy,AAPL
2023-01-01 00:03:11,113.97215757953327,880,sell,AAPL
2023-01-01 00:03:12,114.0041805716333,219,buy,AAPL
2023-01-01 00:03:13,111.33101457273268,992,sell,AAPL
2023-01-01 00:03:14,108.390297910487,188,buy,AAPL
2023-01-01 00:03:15,108.49209574612661,428,sell,AAPL
2023-01-01 00:03:16,112.2595567887024,679,buy,AAPL
2023-01-01 00:03:17,113.97110259952578,456,sell,AAPL
2023-01-01 00:03:18,113.87086424265118,709,sell,AAPL
2023-01-01 00:03:19,112.79875545857624,366,sell,AAPL
2023-01-01 00:03:20,111.42031646154288,716,sell,AAPL
2023-01-01 00:03:21,105.84139964995049,422,buy,AAPL
2023-01-01 00:03:22,106.61628714094614,734,sell,AAPL
2023-01-01 00:03:23,113.98554188527079,640,buy,AAPL
2023-01-01 00:03:24,111.0642905965959,748,buy,AAPL
2023-01-01 00:03:25,105.0919705161663,294,buy,AAPL
2023-01-01 00:03:26,106.01471542866032,837,sell,AAPL
2023-01-01 00:03:27,111.63501769108056,431,buy,AAPL
2023-01-01 00:03:28,105.05061583846219,269,buy,AAPL
2023-01-01 00:03:29,106.60808051417499,620,buy,AAPL
2023-01-01 00:03:30,110.48733789366587,562,sell,AAPL
2023-01-01 00:03:31,111.91895197692693,139,sell,AAPL
2023-01-01 00:03:32,111.519612595026,636,buy,AAPL
2023-01-01 00:03:33,107.2426930946056,360,sell,AAPL
2023-01-01 00:03:34,112.12179221347536,494,sell,AAPL
2023-01-01 00:03:35,107.372490874968,325,buy,AAPL
2023-01-01 00:03:36,108.25399698159268,223,buy,AAPL
2023-01-01 00:03:37,112.46491405118024,137,sell,AAPL
2023-01-01 00:03:38,111.49632899047215,427,buy,AAPL
2023-01-01 00:03:39,113.49223410494179,350,sell,AAPL
2023-01-01 00:03:40,111.57612892300344,275,sell,AAPL
2023-01-01 00:03:41,110.68308603335471,701,sell,AAPL
2023-01-01 00:03:42,105.93674767828092,553,sell,AAPL
2023-01-01 00:03:43,108.67715803059434,136,sell,AAPL
2023-01-01 00:03:44,107.65202367681725,415,sell,AAPL
2023-01-01 00:03:45,107.43989643379084,787,buy,AAPL
2023-01-01 00:03:46,114.73010554752446,895,buy,AAPL
2023-01-01 00:03:47,108.93097724666761,692,sell,AAPL
2023-01-01 00:03:48,113.92046555177113,213,sell,AAPL
2023-01-01 00:03:49,111.31138625997264,139,sell,AAPL
2023-01-01 00:03:50,112.94811303541648,400,buy,AAPL
2023-01-01 00:03:51,110.02637093105191,323,sell,AAPL
2023-01-01 00:03:52,110.76903884626358,417,buy,AAPL
2023-01-01 00:03:53,109.92517693818864,448,sell,AAPL
2023-01-01 00:03:54,106.95242987798045,214,sell,AAPL
2023-01-01 00:03:55,112.22452115261505,797,buy,AAPL
2023-01-01 00:03:56,107.80772362440855,422,buy,AAPL
2023-01-01 00:03:57,105.24315966431453,667,sell,AAPL
2023-01-01 00:03:58,111.45472295907167,139,sell,AAPL
2023-01-01 00:03:59,106.77110679407049,965,sell,AAPL
2023-01-01 00:04:00,114.40458584352915,139,buy,AAPL
2023-01-01 00:04:01,114.53928577002587,958,buy,AAPL
2023-01-01 00:04:02,114.14864390220448,848,buy,AAPL
2023-01-01 00:04:03,108.70158700255445,388,buy,AAPL
2023-01-01 00:04:04,105.15456616528867,361,buy,AAPL
2023-01-01 00:04:05,114.28318562587725,315,buy,AAPL
2023-01-01 00:04:06,109.28184148317314,246,sell,AAPL
2023-01-01 00:04:07,114.6665481904367,435,sell,AAPL
2023-01-01 00:04:08,114.63619977089253,267,buy,AAPL
2023-01-01 00:04:09,113.5300945546736,191,sell,AAPL
2023-01-01 00:04:10,107.94448892069586,452,sell,AAPL
2023-01-01 00:04:11,108.85097728601926,670,buy,AAPL
2023-01-01 00:04:12,113.51136671516856,670,sell,AAPL
2023-01-01 00:04:13,108.16922005156277,915,buy,AAPL
2023-01-01 00:04:14,106.69492746686092,780,buy,AAPL
2023-01-01 00:04:15,110.5680126245835,880,sell,AAPL
2023-01-01 00:04:16,114.36154774160781,462,buy,AAPL
2023-01-01 00:04:17,111.96029796674974,656,buy,AAPL
2023-01-01 00:04:18,110.70061170089365,444,buy,AAPL
2023-01-01 00:04:19,105.97176493770769,792,buy,AAPL
2023-01-01 00:04:20,111.1500722669917,269,buy,AAPL
2023-01-01 00:04:21,114.90053850104263,455,buy,AAPL
2023-01-01 00:04:22,106.40084015236523,290,buy,AAPL
2023-01-01 00:04:23,110.18329652363737,766,buy,AAPL
2023-01-01 00:04:24,113.77373071927956,521,sell,AAPL
2023-01-01 00:04:25,112.40768617754205,799,sell,AAPL
2023-01-01 00:04:26,111.97015740995268,106,sell,AAPL
2023-01-01 00:04:27,112.02484083987109,232,buy,AAPL
2023-01-01 00:04:28,108.59491151219756,846,buy,AAPL
2023-01-01 00:04:29,107.93591844264493,656,sell,AAPL
2023-01-01 00:04:30,113.09361155478514,925,sell,AAPL
2023-01-01 00:04:31,113.1011339467918,860,sell,AAPL
2023-01-01 00:04:32,113.67072318580104,130,buy,AAPL
2023-01-01 00:04:33,114.1324055255647,634,sell,AAPL
2023-01-01 00:04:34,110.11342398860938,525,sell,AAPL
2023-01-01 00:04:35,110.015162946872,493,buy,AAPL
2023-01-01 00:04:36,112.98295178966775,771,sell,AAPL
2023-01-01 00:04:37,111.49963930777766,462,buy,AAPL
2023-01-01 00:04:38,112.01966877257703,536,buy,AAPL
2023-01-01 00:04:39,112.957926694361,769,buy,AAPL
2023-01-01 00:04:40,113.90005341817566,650,sell,AAPL
2023-01-01 00:04:41,108.37995156851535,181,sell,AAPL
2023-01-01 00:04:42,108.75582952639944,455,buy,AAPL
2023-01-01 00:04:43,105.93981939840869,357,sell,AAPL
2023-01-01 00:04:44,110.78280140996173,817,sell,AAPL
2023-01-01 00:04:45,105.35942273796742,688,sell,AAPL
2023-01-01 00:04:46,109.6559801813246,623,sell,AAPL
2023-01-01 00:04:47,110.42644634707577,394,buy,AAPL
2023-01-01 00:04:48,107.86541252128285,323,sell,AAPL
2023-01-01 00:04:49,110.9083326056901,624,buy,AAPL
2023-01-01 00:04:50,105.3050024993905,145,buy,AAPL
2023-01-01 00:04:51,105.37348188749215,766,sell,AAPL
2023-01-01 00:04:52,113.22600560659659,212,buy,AAPL
2023-01-01 00:04:53,108.60190641411263,332,sell,AAPL
2023-01-01 00:04:54,106.27060512651884,116,sell,AAPL
2023-01-01 00:04:55,110.22243260054805,459,buy,AAPL
2023-01-01 00:04:56,112.69993553098611,322,buy,AAPL
2023-01-01 00:04:57,107.15821027496843,965,buy,AAPL
2023-01-01 00:04:58,111.22890475819,799,buy,AAPL
2023-01-01 00:04:59,105.85347464993768,547,sell,AAPL
2023-01-01 00:05:00,105.51681721168607,955,sell,AAPL
2023-01-01 00:05:01,110.31354631568148,464,sell,AAPL
2023-01-01 00:05:02,110.40635121610106,774,buy,AAPL
2023-01-01 00:05:03,111.37429901498207,425,buy,AAPL
2023-01-01 00:05:04,112.26091333722661,566,buy,AAPL
2023-01-01 00:05:05,114.75852079462534,513,sell,AAPL
2023-01-01 00:05:06,110.16300348301195,554,buy,AAPL
2023-01-01 00:05:07,108.22956472941246,685,sell,AAPL
2023-01-01 00:05:08,112.95186194768704,332,buy,AAPL
2023-01-01 00:05:09,107.70832251262074,323,sell,AAPL
2023-01-01 00:05:10,109.38971420705636,930,sell,AAPL
2023-01-01 00:05:11,105.78456381342266,511,buy,AAPL
2023-01-01 00:05:12,105.25350743415457,671,buy,AAPL
2023-01-01 00:05:13,114.62648414677925,434,sell,AAPL
2023-01-01 00:05:14,113.35980120512205,321,sell,AAPL
2023-01-01 00:05:15,111.95974206093697,136,buy,AAPL
2023-01-01 00:05:16,109.0895294441427,377,buy,AAPL
2023-01-01 00:05:17,106.73294320070846,295,sell,AAPL
2023-01-01 00:05:18,106.56437042671087,963,buy,AAPL
2023-01-01 00:05:19,107.50242898164595,583,sell,AAPL
2023-01-01 00:05:20,110.4922666470612,341,sell,AAPL
2023-01-01 00:05:21,112.14595922700062,423,buy,AAPL
2023-01-01 00:05:22,111.60197376717731,830,buy,AAPL
2023-01-01 00:05:23,107.79933896945943,291,buy,AAPL
2023-01-01 00:05:24,114.54865280663194,116,buy,AAPL
2023-01-01 00:05:25,112.37896916695769,623,buy,AAPL
2023-01-01 00:05:26,110.54354052511401,500,sell,AAPL
2023-01-01 00:05:27,111.11720746234352,985,sell,AAPL
2023-01-01 00:05:28,109.1960006242779,804,buy,AAPL
2023-01-01 00:05:29,107.47730989501157,121,buy,AAPL
2023-01-01 00:05:30,108.55972678651261,573,buy,AAPL
2023-01-01 00:05:31,112.5784611046437,219,sell,AAPL
2023-01-01 00:05:32,105.14393488629756,309,buy,AAPL
2023-01-01 00:05:33,106.16072640506916,405,buy,AAPL
2023-01-01 00:05:34,105.46002642021753,369,sell,AAPL
2023-01-01 00:05:35,105.40728802318971,803,sell,AAPL
2023-01-01 00:05:36,113.55460584011007,786,buy,AAPL
2023-01-01 00:05:37,112.03657859380024,384,buy,AAPL
2023-01-01 00:05:38,109.74173829087326,815,buy,AAPL
2023-01-01 00:05:39,105.97834160651001,775,sell,AAPL
2023-01-01 00:05:40,109.91615875116833,862,buy,AAPL
2023-01-01 00:05:41,109.73471770780566,326,buy,AAPL
2023-01-01 00:05:42,106.73201869910015,480,buy,AAPL
2023-01-01 00:05:43,109.33851649237972,559,sell,AAPL
2023-01-01 00:05:44,108.98504734397373,106,sell,AAPL
2023-01-01 00:05:45,111.15850098052216,128,buy,AAPL
2023-01-01 00:05:46,111.35093650867644,132,buy,AAPL
2023-01-01 00:05:47,105.45304009772045,745,sell,AAPL
2023-01-01 00:05:48,108.74612614626471,978,sell,AAPL
2023-01-01 00:05:49,111.25859915714236,178,sell,AAPL
2023-01-01 00:05:50,110.03136258580088,558,sell,AAPL
2023-01-01 00:05:51,113.56489841188322,669,sell,AAPL
2023-01-01 00:05:52,111.58693631618945,637,sell,AAPL
2023-01-01 00:05:53,106.6293442708143,581,sell,AAPL
2023-01-01 00:05:54,105.70568747400429,529,sell,AAPL
2023-01-01 00:05:55,111.42419278206316,837,sell,AAPL
2023-01-01 00:05:56,105.26511310541622,384,buy,AAPL
2023-01-01 00:05:57,110.85775581273464,615,buy,AAPL
2023-01-01 00:05:58,114.40230241424958,198,buy,AAPL
2023-01-01 00:05:59,110.75474177875878,496,sell,AAPL
2023-01-01 00:06:00,108.88169926206523,588,buy,AAPL
2023-01-01 00:06:01,111.43288218442353,138,sell,AAPL
2023-01-01 00:06:02,109.58252890491516,370,sell,AAPL
2023-01-01 00:06:03,110.45616789315935,986,buy,AAPL
2023-01-01 00:06:04,114.41464808776524,896,sell,AAPL
2023-01-01 00:06:05,108.86102637800774,256,buy,AAPL
2023-01-01 00:06:06,114.61190563823914,174,buy,AAPL
2023-01-01 00:06:07,114.05350641956063,983,buy,AAPL
2023-01-01 00:06:08,106.95791134789296,899,sell,AAPL
2023-01-01 00:06:09,105.69361300875165,229,buy,AAPL
2023-01-01 00:06:10,106.00778001377427,786,sell,AAPL
2023-01-01 00:06:11,105.1822182565155,183,buy,AAPL
2023-01-01 00:06:12,105.94442960755929,121,buy,AAPL
2023-01-01 00:06:13,111.83006773416356,558,buy,AAPL
2023-01-01 00:06:14,105.71188648460229,638,sell,AAPL
2023-01-01 00:06:15,108.18975630293761,806,sell,AAPL
2023-01-01 00:06:16,113.44875310969455,948,sell,AAPL
2023-01-01 00:06:17,105.23271935735826,481,buy,AAPL
2023-01-01 00:06:18,113.14468482588936,847,buy,AAPL
2023-01-01 00:06:19,107.818547747734,539,sell,AAPL
2023-01-01 00:06:20,106.18164827621656,703,sell,AAPL
2023-01-01 00:06:21,111.96737165364151,120,sell,AAPL
2023-01-01 00:06:22,111.28942846779884,402,sell,AAPL
2023-01-01 00:06:23,113.77472013527053,968,sell,AAPL
2023-01-01 00:06:24,112.35071043803886,183,sell,AAPL
2023-01-01 00:06:25,113.03480930384849,873,buy,AAPL
2023-01-01 00:06:26,107.82034572571307,758,sell,AAPL
2023-01-01 00:06:27,106.77439543779722,552,buy,AAPL
2023-01-01 00:06:28,112.50614751640859,486,buy,AAPL
2023-01-01 00:06:29,113.06834739267264,606,sell,AAPL
2023-01-01 00:06:30,114.90505142000673,356,sell,AAPL
2023-01-01 00:06:31,109.12617676911427,669,buy,AAPL
2023-01-01 00:06:32,108.72018085792783,991,sell,AAPL
2023-01-01 00:06:33,112.76412960741997,626,sell,AAPL
2023-01-01 00:06:34,108.40803540253017,261,buy,AAPL
2023-01-01 00:06:35,114.30757325603565,262,buy,AAPL
2023-01-01 00:06:36,113.58412751843012,931,buy,AAPL
2023-01-01 00:06:37,109.28994027375018,892,sell,AAPL
2023-01-01 00:06:38,112.50871067791498,891,buy,AAPL
2023-01-01 00:06:39,112.54542874084683,623,sell,AAPL
2023-01-01 00:06:40,106.03123868835932,885,buy,AAPL
2023-01-01 00:06:41,114.02552906679567,370,buy,AAPL
2023-01-01 00:06:42,110.05252372447858,591,buy,AAPL
2023-01-01 00:06:43,113.26457466107742,307,sell,AAPL
2023-01-01 00:06:44,108.20049601030611,638,sell,AAPL
2023-01-01 00:06:45,113.95523228496201,683,buy,AAPL
2023-01-01 00:06:46,108.89201678734163,159,buy,AAPL
2023-01-01 00:06:47,105.10837651480298,529,buy,AAPL
2023-01-01 00:06:48,114.05381976419264,756,sell,AAPL
2023-01-01 00:06:49,105.91286676786133,704,buy,AAPL
2023-01-01 00:06:50,108.19313637590415,408,sell,AAPL
2023-01-01 00:06:51,114.50061967050804,619,buy,AAPL
2023-01-01 00:06:52,114.50607146937556,690,buy,AAPL
2023-01-01 00:06:53,110.73437888123286,126,buy,AAPL
2023-01-01 00:06:54,111.31837212169799,785,buy,AAPL
2023-01-01 00:06:55,109.4844552197832,661,buy,AAPL
2023-01-01 00:06:56,107.93210771698064,298,buy,AAPL
2023-01-01 00:06:57,108.28664545369917,486,sell,AAPL
2023-01-01 00:06:58,111.72518456077039,448,buy,AAPL
2023-01-01 00:06:59,112.5237452943768,792,sell,AAPL
2023-01-01 00:07:00,112.91579043725848,635,buy,AAPL
2023-01-01 00:07:01,112.89618142794554,927,buy,AAPL
2023-01-01 00:07:02,105.91206103048691,477,sell,AAPL
2023-01-01 00:07:03,109.94420304702581,998,buy,AAPL
2023-01-01 00:07:04,105.57558760016644,657,sell,AAPL
2023-01-01 00:07:05,110.49528882323736,626,sell,AAPL
2023-01-01 00:07:06,109.41530501373377,252,buy,AAPL
2023-01-01 00:07:07,113.877041827583,833,sell,AAPL
2023-01-01 00:07:08,108.50915012552079,305,sell,AAPL
2023-01-01 00:07:09,106.17067016427606,554,buy,AAPL
2023-01-01 00:07:10,106.42991682052836,372,sell,AAPL
2023-01-01 00:07:11,112.61510631717472,993,buy,AAPL
2023-01-01 00:07:12,111.18218063316262,335,buy,AAPL
2023-01-01 00:07:13,106.0112267612279,951,buy,AAPL
2023-01-01 00:07:14,105.84106806114997,839,buy,AAPL
2023-01-01 00:07:15,112.0096913145912,620,sell,AAPL
2023-01-01 00:07:16,105.72763006364194,777,buy,AAPL
2023-01-01 00:07:17,113.21860059290356,930,buy,AAPL
2023-01-01 00:07:18,112.06242227156497,825,sell,AAPL
2023-01-01 00:07:19,105.813487806419,600,buy,AAPL
2023-01-01 00:07:20,105.84837714085192,216,buy,AAPL
2023-01-01 00:07:21,114.86639578501175,485,sell,AAPL
2023-01-01 00:07:22,108.74270795756121,443,sell,AAPL
2023-01-01 00:07:23,108.70642147066891,683,sell,AAPL
2023-01-01 00:07:24,113.12799567257503,494,sell,AAPL
2023-01-01 00:07:25,114.47248577383859,163,sell,AAPL
2023-01-01 00:07:26,114.86001063822872,816,sell,AAPL
2023-01-01 00:07:27,112.53378185258941,820,sell,AAPL
2023-01-01 00:07:28,108.76259585530916,171,buy,AAPL
2023-01-01 00:07:29,105.83500716698668,888,sell,AAPL
2023-01-01 00:07:30,112.77146915927437,373,sell,AAPL
2023-01-01 00:07:31,110.58404249735806,419,sell,AAPL
2023-01-01 00:07:32,109.24222009246976,437,buy,AAPL
2023-01-01 00:07:33,114.06354385094735,465,buy,AAPL
2023-01-01 00:07:34,106.11197482306152,594,sell,AAPL
2023-01-01 00:07:35,109.92625104290859,706,sell,AAPL
2023-01-01 00:07:36,105.11353644767419,265,sell,AAPL
2023-01-01 00:07:37,109.68660641994126,643,buy,AAPL
2023-01-01 00:07:38,105.56303275681837,110,buy,AAPL
2023-01-01 00:07:39,106.18817916268073,400,sell,AAPL
2023-01-01 00:07:40,106.17526246777105,828,buy,AAPL
2023-01-01 00:07:41,111.49210302116063,900,sell,AAPL
2023-01-01 00:07:42,112.46044879265423,201,buy,AAPL
2023-01-01 00:07:43,110.8336876509716,524,buy,AAPL
2023-01-01 00:07:44,114.62172548474541,491,sell,AAPL
2023-01-01 00:07:45,108.74870579523704,878,sell,AAPL
2023-01-01 00:07:46,107.8571208628186,313,sell,AAPL
2023-01-01 00:07:47,113.6859912818946,790,sell,AAPL
2023-01-01 00:07:48,107.23595838519452,187,buy,AAPL
2023-01-01 00:07:49,114.6322253944061,652,buy,AAPL
2023-01-01 00:07:50,105.12154474689817,500,buy,AAPL
2023-01-01 00:07:51,114.6987882670764,687,sell,AAPL
2023-01-01 00:07:52,105.43159911950576,988,buy,AAPL
2023-01-01 00:07:53,113.91143113698071,145,sell,AAPL
2023-01-01 00:07:54,110.277011090863,771,buy,AAPL
2023-01-01 00:07:55,114.929647961193,562,sell,AAPL
2023-01-01 00:07:56,105.73796564735399,691,sell,AAPL
2023-01-01 00:07:57,110.53854284401321,409,buy,AAPL
2023-01-01 00:07:58,114.69302535619099,185,sell,AAPL
2023-01-01 00:07:59,110.2309784417015,191,sell,AAPL
2023-01-01 00:08:00,111.29398638135262,759,buy,AAPL
2023-01-01 00:08:01,111.95748688984617,772,sell,AAPL
2023-01-01 00:08:02,109.54541064767773,813,sell,AAPL
2023-01-01 00:08:03,111.27558080084063,341,sell,AAPL
2023-01-01 00:08:04,110.843143119231,964,buy,AAPL
2023-01-01 00:08:05,114.01158010490988,101,buy,AAPL
2023-01-01 00:08:06,105.45446380341458,324,sell,AAPL
2023-01-01 00:08:07,107.80963189592231,900,buy,AAPL
2023-01-01 00:08:08,114.5041148407656,844,sell,AAPL
2023-01-01 00:08:09,113.90263783890916,688,sell,AAPL
2023-01-01 00:08:10,109.55656752785713,215,sell,AAPL
2023-01-01 00:08:11,111.20132597801536,765,sell,AAPL
2023-01-01 00:08:12,107.77381182981132,202,sell,AAPL
2023-01-01 00:08:13,106.88121159723761,293,buy,AAPL
2023-01-01 00:08:14,109.63698404939981,265,sell,AAPL
2023-01-01 00:08:15,108.53352228026053,970,buy,AAPL
2023-01-01 00:08:16,110.83656111850873,189,buy,AAPL
2023-01-01 00:08:17,105.77734636964985,785,sell,AAPL
2023-01-01 00:08:18,114.74394807666167,221,sell,AAPL
2023-01-01 00:08:19,114.86210744479602,242,buy,AAPL
2023-01-01 00:08:20,111.98161714019746,205,buy,AAPL
2023-01-01 00:08:21,110.3609636634412,986,buy,AAPL
2023-01-01 00:08:22,108.09527616286327,527,sell,AAPL
2023-01-01 00:08:23,113.13795019706949,404,buy,AAPL
2023-01-01 00:08:24,111.84731172553879,971,sell,AAPL
2023-01-01 00:08:25,106.62616939344892,416,sell,AAPL
2023-01-01 00:08:26,114.10927184493842,734,sell,AAPL
2023-01-01 00:08:27,113.2253724292317,108,buy,AAPL
2023-01-01 00:08:28,114.49799913291923,873,sell,AAPL
2023-01-01 00:08:29,112.2571950838836,172,sell,AAPL
2023-01-01 00:08:30,111.1341519593579,458,sell,AAPL
2023-01-01 00:08:31,109.18243036290619,322,sell,AAPL
2023-01-01 00:08:32,114.32728483354013,515,sell,AAPL
2023-01-01 00:08:33,113.66063889500408,652,buy,AAPL
2023-01-01 00:08:34,105.45218670106189,469,sell,AAPL
2023-01-01 00:08:35,105.26366974497252,815,sell,AAPL
2023-01-01 00:08:36,108.76463366878049,363,buy,AAPL
2023-01-01 00:08:37,113.10553330781833,939,sell,AAPL
2023-01-01 00:08:38,114.87276129314944,789,buy,AAPL
2023-01-01 00:08:39,106.50416891103528,959,sell,AAPL
2023-01-01 00:08:40,110.94130715352135,417,buy,AAPL
2023-01-01 00:08:41,108.80890856631021,183,buy,AAPL
2023-01-01 00:08:42,114.69914397814603,417,sell,AAPL
2023-01-01 00:08:43,113.42118923135709,210,sell,AAPL
2023-01-01 00:08:44,113.38328704711138,350,sell,AAPL
2023-01-01 00:08:45,109.68693159794971,482,buy,AAPL
2023-01-01 00:08:46,109.14819502337666,106,buy,AAPL
2023-01-01 00:08:47,107.73407071930706,558,buy,AAPL
2023-01-01 00:08:48,105.56375496650926,183,sell,AAPL
2023-01-01 00:08:49,113.64722376255054,307,buy,AAPL
2023-01-01 00:08:50,113.12901009130077,999,buy,AAPL
2023-01-01 00:08:51,114.9971767328613,489,sell,AAPL
2023-01-01 00:08:52,114.96636837073905,413,buy,AAPL
2023-01-01 00:08:53,110.55431705602628,121,buy,AAPL
2023-01-01 00:08:54,112.6898741518051,509,sell,AAPL
2023-01-01 00:08:55,114.44765729882428,994,buy,AAPL
2023-01-01 00:08:56,113.49647390677411,614,sell,AAPL
2023-01-01 00:08:57,107.47348101743198,226,sell,AAPL
2023-01-01 00:08:58,109.50544135310093,908,sell,AAPL
2023-01-01 00:08:59,106.29159415151494,799,sell,AAPL
2023-01-01 00:09:00,114.54051027258723,973,sell,AAPL
2023-01-01 00:09:01,111.0617463445088,113,buy,AAPL
2023-01-01 00:09:02,107.28642805503463,111,buy,AAPL
2023-01-01 00:09:03,111.71700684405857,186,sell,AAPL
2023-01-01 00:09:04,111.18128240457895,623,sell,AAPL
2023-01-01 00:09:05,108.58162718032841,636,buy,AAPL
2023-01-01 00:09:06,106.13557592199629,400,sell,AAPL
2023-01-01 00:09:07,111.71573195592799,342,sell,AAPL
2023-01-01 00:09:08,110.20307700903794,221,sell,AAPL
2023-01-01 00:09:09,112.7231839173564,246,buy,AAPL
2023-01-01 00:09:10,110.20163501111993,666,buy,AAPL
2023-01-01 00:09:11,113.5218150031854,849,sell,AAPL
2023-01-01 00:09:12,110.51906838774485,455,sell,AAPL
2023-01-01 00:09:13,110.60937971535387,784,buy,AAPL
2023-01-01 00:09:14,113.76653602658345,832,buy,AAPL
2023-01-01 00:09:15,109.03482866212397,730,sell,AAPL
2023-01-01 00:09:16,106.3401522845064,408,sell,AAPL
2023-01-01 00:09:17,105.2878267631334,794,buy,AAPL
2023-01-01 00:09:18,112.5513725567362,387,buy,AAPL
2023-01-01 00:09:19,111.20309551353465,406,buy,AAPL
2023-01-01 00:09:20,112.04079768099224,911,sell,AAPL
2023-01-01 00:09:21,107.12964161508911,693,buy,AAPL
2023-01-01 00:09:22,106.3637147558677,822,sell,AAPL
2023-01-01 00:09:23,105.14544665667881,761,buy,AAPL
2023-01-01 00:09:24,108.50587558806598,648,buy,AAPL
2023-01-01 00:09:25,110.89917686854633,451,buy,AAPL
2023-01-01 00:09:26,108.92244045099733,411,buy,AAPL
2023-01-01 00:09:27,109.37474922023729,972,sell,AAPL
2023-01-01 00:09:28,114.04158694493748,158,sell,AAPL
2023-01-01 00:09:29,108.482554670233,742,buy,AAPL
2023-01-01 00:09:30,110.1398948915981,813,sell,AAPL
2023-01-01 00:09:31,112.83653012741144,854,buy,AAPL
2023-01-01 00:09:32,108.9654278232127,134,buy,AAPL
2023-01-01 00:09:33,111.22086700227874,544,buy,AAPL
2023-01-01 00:09:34,113.62363708746746,192,buy,AAPL
2023-01-01 00:09:35,114.49520623657642,306,sell,AAPL
2023-01-01 00:09:36,106.47073480929038,452,buy,AAPL
2023-01-01 00:09:37,114.26587625161494,431,buy,AAPL
2023-01-01 00:09:38,109.92116293079538,916,sell,AAPL
2023-01-01 00:09:39,107.58244388298958,961,buy,AAPL
2023-01-01 00:09:40,109.59135756238261,824,buy,AAPL
2023-01-01 00:09:41,114.80032575285477,258,buy,AAPL
2023-01-01 00:09:42,109.9261809399287,123,sell,AAPL
2023-01-01 00:09:43,108.28751610287509,503,buy,AAPL
2023-01-01 00:09:44,111.33400854316726,904,sell,AAPL
2023-01-01 00:09:45,107.40145618778193,615,buy,AAPL
2023-01-01 00:09:46,105.75863328108665,831,buy,AAPL
2023-01-01 00:09:47,106.2887972191065,463,sell,AAPL
2023-01-01 00:09:48,106.28045838957773,481,buy,AAPL
2023-01-01 00:09:49,106.51902693512294,631,buy,AAPL
2023-01-01 00:09:50,106.3882717264941,251,sell,AAPL
2023-01-01 00:09:51,111.40874744803214,661,sell,AAPL
2023-01-01 00:09:52,106.81880084399145,788,sell,AAPL
2023-01-01 00:09:53,108.45667283323863,707,sell,AAPL
2023-01-01 00:09:54,113.96788409906011,716,sell,AAPL
2023-01-01 00:09:55,109.73961640262873,519,buy,AAPL
2023-01-01 00:09:56,111.67557738521027,349,sell,AAPL
2023-01-01 00:09:57,106.7231987120163,216,buy,AAPL
2023-01-01 00:09:58,106.92289018808671,965,buy,AAPL
2023-01-01 00:09:59,105.4086861626648,611,buy,AAPL
2023-01-01 00:10:00,106.68935063072165,839,sell,AAPL
2023-01-01 00:10:01,107.78590339031959,677,sell,AAPL
2023-01-01 00:10:02,106.77010484276747,434,buy,AAPL
2023-01-01 00:10:03,105.88702533757056,517,sell,AAPL
2023-01-01 00:10:04,106.206358711006,873,sell,AAPL
2023-01-01 00:10:05,109.60778768032726,394,sell,AAPL
2023-01-01 00:10:06,107.06333718405793,854,sell,AAPL
2023-01-01 00:10:07,108.64269861048075,470,buy,AAPL
2023-01-01 00:10:08,110.03417270854857,285,buy,AAPL
2023-01-01 00:10:09,111.90394828629366,345,sell,AAPL
2023-01-01 00:10:10,105.39312139841098,736,buy,AAPL
2023-01-01 00:10:11,112.99410398909043,367,sell,AAPL
2023-01-01 00:10:12,111.27900389490908,742,sell,AAPL
2023-01-01 00:10:13,105.81759031948872,336,buy,AAPL
2023-01-01 00:10:14,113.73578624106777,629,buy,AAPL
2023-01-01 00:10:15,114.20872400531813,651,buy,AAPL
2023-01-01 00:10:16,105.61077959854863,120,sell,AAPL
2023-01-01 00:10:17,107.76877648147203,836,buy,AAPL
2023-01-01 00:10:18,113.0620127979306,966,sell,AAPL
2023-01-01 00:10:19,112.48259690383658,893,buy,AAPL
2023-01-01 00:10:20,106.84521019356377,619,buy,AAPL
2023-01-01 00:10:21,107.0934932333671,199,sell,AAPL
2023-01-01 00:10:22,108.70472102791382,851,sell,AAPL
2023-01-01 00:10:23,109.84522985191022,577,sell,AAPL
2023-01-01 00:10:24,111.18254771530296,698,sell,AAPL
2023-01-01 00:10:25,108.68913639569773,397,sell,AAPL
2023-01-01 00:10:26,109.62534716133148,625,sell,AAPL
2023-01-01 00:10:27,112.47470938133756,433,sell,AAPL
2023-01-01 00:10:28,105.36683202890597,101,sell,AAPL
2023-01-01 00:10:29,107.52436944344021,474,buy,AAPL
2023-01-01 00:10:30,112.13349585884552,392,sell,AAPL
2023-01-01 00:10:31,113.95206837687199,936,sell,AAPL
2023-01-01 00:10:32,110.11677442115666,652,buy,AAPL
2023-01-01 00:10:33,110.32113485265316,417,sell,AAPL
2023-01-01 00:10:34,106.07172011339776,601,buy,AAPL
2023-01-01 00:10:35,109.47412366823454,927,buy,AAPL
2023-01-01 00:10:36,110.32617266455023,480,sell,AAPL
2023-01-01 00:10:37,107.42470503634729,722,buy,AAPL
2023-01-01 00:10:38,107.69243230949381,113,sell,AAPL
2023-01-01 00:10:39,108.77284163104622,603,buy,AAPL
2023-01-01 00:10:40,105.20071197777726,330,buy,AAPL
2023-01-01 00:10:41,108.22079165583179,183,buy,AAPL
2023-01-01 00:10:42,107.11448006996545,229,sell,AAPL
2023-01-01 00:10:43,108.27497352177915,842,sell,AAPL
2023-01-01 00:10:44,106.19762131819252,937,buy,AAPL
2023-01-01 00:10:45,113.90527280739894,244,buy,AAPL
2023-01-01 00:10:46,110.9359245355405,990,sell,AAPL
2023-01-01 00:10:47,111.79102319144489,956,sell,AAPL
2023-01-01 00:10:48,112.89171238607338,127,buy,AAPL
2023-01-01 00:10:49,109.98442198929057,165,buy,AAPL
2023-01-01 00:10:50,105.86920288087424,262,sell,AAPL
2023-01-01 00:10:51,110.37106541818548,328,sell,AAPL
2023-01-01 00:10:52,110.8684111802088,360,sell,AAPL
2023-01-01 00:10:53,112.4543947418433,548,sell,AAPL
2023-01-01 00:10:54,109.31659546229679,523,sell,AAPL
2023-01-01 00:10:55,106.27580302795563,559,buy,AAPL
2023-01-01 00:10:56,107.83775905798724,775,sell,AAPL
2023-01-01 00:10:57,108.63082296398635,400,buy,AAPL
2023-01-01 00:10:58,111.45917241331601,402,sell,AAPL
2023-01-01 00:10:59,110.70778304668912,386,buy,AAPL
2023-01-01 00:11:00,108.56096725897847,494,sell,AAPL
2023-01-01 00:11:01,114.86515248792979,109,sell,AAPL
2023-01-01 00:11:02,111.05774819356887,806,buy,AAPL
2023-01-01 00:11:03,107.37226791735995,729,buy,AAPL
2023-01-01 00:11:04,106.01782472620404,369,sell,AAPL
2023-01-01 00:11:05,106.52859139184332,691,sell,AAPL
2023-01-01 00:11:06,107.45957728384508,704,sell,AAPL
2023-01-01 00:11:07,106.60681373259555,877,sell,AAPL
2023-01-01 00:11:08,106.86567024051305,943,sell,AAPL
2023-01-01 00:11:09,107.85095168693847,961,buy,AAPL
2023-01-01 00:11:10,106.73373595294755,460,buy,AAPL
2023-01-01 00:11:11,113.96765424626425,356,sell,AAPL
2023-01-01 00:11:12,105.80233745661643,232,buy,AAPL
2023-01-01 00:11:13,110.24511389570254,375,buy,AAPL
2023-01-01 00:11:14,109.10396826989661,875,buy,AAPL
2023-01-01 00:11:15,114.82378616908606,782,sell,AAPL
2023-01-01 00:11:16,106.12038902168052,612,buy,AAPL
2023-01-01 00:11:17,108.97855599045742,412,sell,AAPL
2023-01-01 00:11:18,114.69470433275369,675,buy,AAPL
2023-01-01 00:11:19,113.6550712589398,985,sell,AAPL
2023-01-01 00:11:20,113.1707207094928,383,buy,AAPL
2023-01-01 00:11:21,107.5790282704494,220,sell,AAPL
2023-01-01 00:11:22,106.70887587390065,206,sell,AAPL
2023-01-01 00:11:23,111.68643219924431,786,buy,AAPL
2023-01-01 00:11:24,114.29375989127585,303,sell,AAPL
2023-01-01 00:11:25,110.56762893013929,264,sell,AAPL
2023-01-01 00:11:26,110.716126894699,404,sell,AAPL
2023-01-01 00:11:27,107.79979093660285,596,sell,AAPL
2023-01-01 00:11:28,112.69492933191937,731,sell,AAPL
2023-01-01 00:11:29,106.87043748557524,655,sell,AAPL
2023-01-01 00:11:30,108.23679236404243,923,sell,AAPL
2023-01-01 00:11:31,109.25436438616417,255,sell,AAPL
2023-01-01 00:11:32,110.07610378684456,466,buy,AAPL
2023-01-01 00:11:33,107.42409732415081,818,buy,AAPL
2023-01-01 00:11:34,106.14836824739203,719,sell,AAPL
2023-01-01 00:11:35,111.10620042441633,350,sell,AAPL
2023-01-01 00:11:36,107.88630553240256,981,buy,AAPL
2023-01-01 00:11:37,110.81238221422612,433,buy,AAPL
2023-01-01 00:11:38,106.54362715274202,741,buy,AAPL
2023-01-01 00:11:39,109.81140101854817,610,sell,AAPL
2023-01-01 00:11:40,110.32589432551586,392,buy,AAPL
2023-01-01 00:11:41,105.51823536822427,119,sell,AAPL
2023-01-01 00:11:42,108.3660427819392,381,sell,AAPL
2023-01-01 00:11:43,106.34414676938974,896,buy,AAPL
2023-01-01 00:11:44,105.63374970472768,100,sell,AAPL
2023-01-01 00:11:45,114.89960232389946,218,sell,AAPL
2023-01-01 00:11:46,108.22353844974722,134,sell,AAPL
2023-01-01 00:11:47,113.09874445854635,297,sell,AAPL
2023-01-01 00:11:48,107.54640654763764,584,buy,AAPL
2023-01-01 00:11:49,111.8150272222393,856,buy,AAPL
2023-01-01 00:11:50,112.60227859889686,158,sell,AAPL
2023-01-01 00:11:51,110.95638740607845,936,sell,AAPL
2023-01-01 00:11:52,109.71576188550158,260,buy,AAPL
2023-01-01 00:11:53,109.11840914147268,790,sell,AAPL
2023-01-01 00:11:54,108.48868266542995,305,buy,AAPL
2023-01-01 00:11:55,114.29529144247826,111,sell,AAPL
2023-01-01 00:11:56,113.3061940778773,589,sell,AAPL
2023-01-01 00:11:57,114.65026910666512,375,buy,AAPL
2023-01-01 00:11:58,106.24297223485544,792,buy,AAPL
2023-01-01 00:11:59,112.30867475203644,341,buy,AAPL
2023-01-01 00:12:00,114.38340456821038,315,buy,AAPL
2023-01-01 00:12:01,106.8123306616566,350,sell,AAPL
2023-01-01 00:12:02,105.66496267366777,910,buy,AAPL
2023-01-01 00:12:03,112.41120649290059,225,sell,AAPL
2023-01-01 00:12:04,110.74473113179911,316,buy,AAPL
2023-01-01 00:12:05,113.41828776758273,405,buy,AAPL
2023-01-01 00:12:06,106.3977237662629,896,sell,AAPL
2023-01-01 00:12:07,112.95267311859891,284,buy,AAPL
2023-01-01 00:12:08,107.01627320047744,138,buy,AAPL
2023-01-01 00:12:09,106.63655942865705,322,buy,AAPL
2023-01-01 00:12:10,106.64265797930993,283,buy,AAPL
2023-01-01 00:12:11,113.14574720231383,594,sell,AAPL
2023-01-01 00:12:12,111.651972206962,526,sell,AAPL
2023-01-01 00:12:13,110.23065424769119,277,buy,AAPL
2023-01-01 00:12:14,108.58830484123503,527,buy,AAPL
2023-01-01 00:12:15,113.77200540813108,393,buy,AAPL
2023-01-01 00:12:16,108.92445107422635,951,sell,AAPL
2023-01-01 00:12:17,113.16599439471577,250,sell,AAPL
2023-01-01 00:12:18,109.39134908570219,483,sell,AAPL
2023-01-01 00:12:19,108.76944429424907,737,sell,AAPL
2023-01-01 00:12:20,109.62679785669606,912,buy,AAPL
2023-01-01 00:12:21,108.01377874164142,407,buy,AAPL
2023-01-01 00:12:22,112.47609380176252,435,buy,AAPL
2023-01-01 00:12:23,110.02720390092479,845,sell,AAPL
2023-01-01 00:12:24,107.32212695146818,991,buy,AAPL
2023-01-01 00:12:25,113.99574573274569,474,sell,AAPL
2023-01-01 00:12:26,108.83891221373212,107,sell,AAPL
2023-01-01 00:12:27,110.43552861113989,440,buy,AAPL
2023-01-01 00:12:28,114.06472110964548,228,buy,AAPL
2023-01-01 00:12:29,111.24237995913992,875,buy,AAPL
2023-01-01 00:12:30,106.16898040708364,768,sell,AAPL
2023-01-01 00:12:31,114.39832123613475,451,sell,AAPL
2023-01-01 00:12:32,111.27708053071417,457,buy,AAPL
2023-01-01 00:12:33,108.34905614657086,616,buy,AAPL
2023-01-01 00:12:34,106.39272072663387,594,sell,AAPL
2023-01-01 00:12:35,112.94025189270296,185,buy,AAPL
2023-01-01 00:12:36,111.20072755928514,274,sell,AAPL
2023-01-01 00:12:37,110.33461091976322,901,sell,AAPL
2023-01-01 00:12:38,113.93892583050958,292,buy,AAPL
2023-01-01 00:12:39,112.88597211224531,410,buy,AAPL
2023-01-01 00:12:40,106.51674879732751,218,buy,AAPL
2023-01-01 00:12:41,108.11722067795549,317,buy,AAPL
2023-01-01 00:12:42,107.48489139814465,526,sell,AAPL
2023-01-01 00:12:43,112.43946292572677,513,sell,AAPL
2023-01-01 00:12:44,105.3353243473578,213,sell,AAPL
2023-01-01 00:12:45,110.69889684871316,244,buy,AAPL
2023-01-01 00:12:46,112.62458685740691,637,sell,AAPL
2023-01-01 00:12:47,113.76765636761749,747,buy,AAPL
2023-01-01 00:12:48,108.42081748715907,402,buy,AAPL
2023-01-01 00:12:49,113.21257304672012,843,buy,AAPL
2023-01-01 00:12:50,106.10631736955207,980,buy,AAPL
2023-01-01 00:12:51,113.46452291734518,687,buy,AAPL
2023-01-01 00:12:52,106.27488662331983,939,buy,AAPL
2023-01-01 00:12:53,108.97287290560368,444,sell,AAPL
2023-01-01 00:12:54,112.97295365779553,913,buy,AAPL
2023-01-01 00:12:55,106.49917427348774,900,sell,AAPL
2023-01-01 00:12:56,107.29251395232642,100,sell,AAPL
2023-01-01 00:12:57,112.22252568393066,246,buy,AAPL
2023-01-01 00:12:58,112.20036536546074,386,buy,AAPL
2023-01-01 00:12:59,111.41147632885297,753,buy,AAPL
2023-01-01 00:13:00,111.939484444671,152,sell,AAPL
2023-01-01 00:13:01,110.42724443347596,403,buy,AAPL
2023-01-01 00:13:02,107.51799058906953,168,sell,AAPL
2023-01-01 00:13:03,108.4569599350392,460,buy,AAPL
2023-01-01 00:13:04,106.81597716801426,701,buy,AAPL
2023-01-01 00:13:05,114.08450561333629,319,sell,AAPL
2023-01-01 00:13:06,110.8339179476612,803,sell,AAPL
2023-01-01 00:13:07,109.0085141676364,674,buy,AAPL
2023-01-01 00:13:08,109.62005803644132,684,sell,AAPL
2023-01-01 00:13:09,114.47283339611815,260,sell,AAPL
2023-01-01 00:13:10,106.5335140311608,780,sell,AAPL
2023-01-01 00:13:11,110.86229832016797,188,sell,AAPL
2023-01-01 00:13:12,110.05888678884466,787,sell,AAPL
2023-01-01 00:13:13,111.11454235434648,880,buy,AAPL
2023-01-01 00:13:14,105.1811018382084,684,buy,AAPL
2023-01-01 00:13:15,113.72123908944151,856,sell,AAPL
2023-01-01 00:13:16,114.32118282483613,688,buy,AAPL
2023-01-01 00:13:17,110.6513318358921,258,buy,AAPL
2023-01-01 00:13:18,111.96650823876892,588,sell,AAPL
2023-01-01 00:13:19,114.22499381177296,423,buy,AAPL
2023-01-01 00:13:20,112.07238634313399,709,sell,AAPL
2023-01-01 00:13:21,106.52539042914262,480,sell,AAPL
2023-01-01 00:13:22,110.76288360166814,201,buy,AAPL
2023-01-01 00:13:23,111.06715046382855,593,sell,AAPL
2023-01-01 00:13:24,109.24130671302386,743,sell,AAPL
2023-01-01 00:13:25,112.36444235624722,713,sell,AAPL
2023-01-01 00:13:26,114.34367014769015,118,sell,AAPL
2023-01-01 00:13:27,114.25568512906776,553,sell,AAPL
2023-01-01 00:13:28,109.50839371404132,581,buy,AAPL
2023-01-01 00:13:29,106.13238045840755,693,buy,AAPL
2023-01-01 00:13:30,114.84841198962334,496,sell,AAPL
2023-01-01 00:13:31,113.38898086445934,378,sell,AAPL
2023-01-01 00:13:32,106.24662681203267,950,buy,AAPL
2023-01-01 00:13:33,114.20841882617373,464,sell,AAPL
2023-01-01 00:13:34,113.69896362062129,430,buy,AAPL
2023-01-01 00:13:35,110.18838057126072,740,sell,AAPL
2023-01-01 00:13:36,110.91275435744929,443,sell,AAPL
2023-01-01 00:13:37,108.9900270387013,921,sell,AAPL
2023-01-01 00:13:38,105.54761638822032,554,sell,AAPL
2023-01-01 00:13:39,108.351972416459,700,sell,AAPL
2023-01-01 00:13:40,113.02853448598012,824,sell,AAPL
2023-01-01 00:13:41,105.04632023004604,754,sell,AAPL
2023-01-01 00:13:42,108.33499171691145,164,buy,AAPL
2023-01-01 00:13:43,108.98168693590944,175,buy,AAPL
2023-01-01 00:13:44,110.37395602937923,810,buy,AAPL
2023-01-01 00:13:45,114.19855616412761,242,sell,AAPL
2023-01-01 00:13:46,108.46345994365961,927,sell,AAPL
2023-01-01 00:13:47,108.46953201896228,704,sell,AAPL
2023-01-01 00:13:48,112.37501248109749,572,sell,AAPL
2023-01-01 00:13:49,109.52217940889807,516,sell,AAPL
2023-01-01 00:13:50,107.24604822939982,404,sell,AAPL
2023-01-01 00:13:51,109.52439516132694,835,sell,AAPL
2023-01-01 00:13:52,106.40857020379799,596,buy,AAPL
2023-01-01 00:13:53,106.76386986506223,390,sell,AAPL
2023-01-01 00:13:54,109.98367772739479,201,buy,AAPL
2023-01-01 00:13:55,109.18925449504547,366,buy,AAPL
2023-01-01 00:13:56,114.148459010681,966,sell,AAPL
2023-01-01 00:13:57,108.62393899116633,721,sell,AAPL
2023-01-01 00:13:58,110.80588350278043,941,buy,AAPL
2023-01-01 00:13:59,111.3226428791953,876,buy,AAPL
2023-01-01 00:14:00,105.13094456588334,102,sell,AAPL
2023-01-01 00:14:01,111.63537372016711,184,sell,AAPL
2023-01-01 00:14:02,106.78035966869751,893,buy,AAPL
2023-01-01 00:14:03,114.61070317469455,427,sell,AAPL
2023-01-01 00:14:04,106.48662727753113,915,sell,AAPL
2023-01-01 00:14:05,109.14624123727023,549,sell,AAPL
2023-01-01 00:14:06,105.85349668078644,553,buy,AAPL
2023-01-01 00:14:07,114.96874251845948,728,buy,AAPL
2023-01-01 00:14:08,110.02195010331242,320,buy,AAPL
2023-01-01 00:14:09,110.95385017320044,253,sell,AAPL
2023-01-01 00:14:10,105.67076477388427,764,sell,AAPL
2023-01-01 00:14:11,112.49960470399178,111,buy,AAPL
2023-01-01 00:14:12,107.09905593095586,232,buy,AAPL
2023-01-01 00:14:13,113.98054289440714,403,buy,AAPL
2023-01-01 00:14:14,107.05139640482007,392,sell,AAPL
2023-01-01 00:14:15,106.90687720663666,399,buy,AAPL
2023-01-01 00:14:16,105.36549667848095,839,buy,AAPL
2023-01-01 00:14:17,109.7206694511,882,sell,AAPL
2023-01-01 00:14:18,110.64841133262617,142,sell,AAPL
2023-01-01 00:14:19,105.65708639428352,442,sell,AAPL
2023-01-01 00:14:20,112.75527616695011,425,buy,AAPL
2023-01-01 00:14:21,109.53288834748028,913,sell,AAPL
2023-01-01 00:14:22,110.2439026932758,597,sell,AAPL
2023-01-01 00:14:23,109.40762746938228,463,buy,AAPL
2023-01-01 00:14:24,109.00763060875326,990,sell,AAPL
2023-01-01 00:14:25,110.59640331308218,526,buy,AAPL
2023-01-01 00:14:26,106.55240245930713,120,buy,AAPL
2023-01-01 00:14:27,106.81928130495271,506,sell,AAPL
2023-01-01 00:14:28,113.61785621013517,718,sell,AAPL
2023-01-01 00:14:29,114.46115462133633,435,sell,AAPL
2023-01-01 00:14:30,108.73309316279753,914,sell,AAPL
2023-01-01 00:14:31,107.70744673143554,216,sell,AAPL
2023-01-01 00:14:32,111.43999543239016,223,sell,AAPL
2023-01-01 00:14:33,109.08734171098097,498,buy,AAPL
2023-01-01 00:14:34,105.25386355660345,892,buy,AAPL
2023-01-01 00:14:35,106.5615259736619,903,sell,AAPL
2023-01-01 00:14:36,112.15972228847397,814,buy,AAPL
2023-01-01 00:14:37,111.58923941910152,150,sell,AAPL
2023-01-01 00:14:38,105.27095992503483,882,buy,AAPL
2023-01-01 00:14:39,107.21972161932949,423,buy,AAPL
2023-01-01 00:14:40,107.31074796588071,888,buy,AAPL
2023-01-01 00:14:41,111.71892743598728,240,sell,AAPL
2023-01-01 00:14:42,105.19710537754364,569,buy,AAPL
2023-01-01 00:14:43,106.04108581984573,886,sell,AAPL
2023-01-01 00:14:44,112.9991608537319,901,buy,AAPL
2023-01-01 00:14:45,106.78544662054334,433,buy,AAPL
2023-01-01 00:14:46,111.52746107851874,992,buy,AAPL
2023-01-01 00:14:47,107.38182781046727,472,buy,AAPL
2023-01-01 00:14:48,105.99441392759346,663,buy,AAPL
2023-01-01 00:14:49,107.43172190999454,593,sell,AAPL
2023-01-01 00:14:50,112.2226693185566,638,sell,AAPL
2023-01-01 00:14:51,113.55696468106285,768,buy,AAPL
2023-01-01 00:14:52,113.30219864566992,850,buy,AAPL
2023-01-01 00:14:53,108.97183529618455,255,buy,AAPL
2023-01-01 00:14:54,111.68085136570646,390,buy,AAPL
2023-01-01 00:14:55,107.04984295415821,747,sell,AAPL
2023-01-01 00:14:56,107.93147730261013,243,buy,AAPL
2023-01-01 00:14:57,113.96335818521119,205,sell,AAPL
2023-01-01 00:14:58,105.13001923510735,519,buy,AAPL
2023-01-01 00:14:59,105.85508530854469,769,sell,AAPL
2023-01-01 00:15:00,107.07886255146028,757,buy,AAPL
2023-01-01 00:15:01,105.26532203873819,101,buy,AAPL
2023-01-01 00:15:02,106.81435435089797,688,sell,AAPL
2023-01-01 00:15:03,110.83041560969693,743,buy,AAPL
2023-01-01 00:15:04,109.21424550592498,189,buy,AAPL
2023-01-01 00:15:05,113.92671711076974,444,buy,AAPL
2023-01-01 00:15:06,113.1744356173844,449,sell,AAPL
2023-01-01 00:15:07,108.41817351697875,558,buy,AAPL
2023-01-01 00:15:08,107.59423433431293,362,buy,AAPL
2023-01-01 00:15:09,108.79692408167267,450,sell,AAPL
2023-01-01 00:15:10,110.90294942514808,207,sell,AAPL
2023-01-01 00:15:11,107.68063640822876,685,sell,AAPL
2023-01-01 00:15:12,111.24148907849134,138,buy,AAPL
2023-01-01 00:15:13,109.09411652191241,258,buy,AAPL
2023-01-01 00:15:14,110.5204718085198,682,buy,AAPL
2023-01-01 00:15:15,109.36126529135316,411,sell,AAPL
2023-01-01 00:15:16,107.94465759541917,340,buy,AAPL
2023-01-01 00:15:17,114.48453306962156,544,buy,AAPL
2023-01-01 00:15:18,112.63605794159761,397,sell,AAPL
2023-01-01 00:15:19,106.40113175766453,135,sell,AAPL
2023-01-01 00:15:20,113.68467975897913,183,sell,AAPL
2023-01-01 00:15:21,109.87431198249513,551,sell,AAPL
2023-01-01 00:15:22,113.94552226894092,985,sell,AAPL
2023-01-01 00:15:23,112.99855255947315,874,buy,AAPL
2023-01-01 00:15:24,109.25213504469234,921,sell,AAPL
2023-01-01 00:15:25,105.22469308320117,484,buy,AAPL
2023-01-01 00:15:26,107.68677359384947,271,buy,AAPL
2023-01-01 00:15:27,110.41634214660867,475,sell,AAPL
2023-01-01 00:15:28,111.33478219826148,784,sell,AAPL
2023-01-01 00:15:29,107.57887685433202,461,sell,AAPL
2023-01-01 00:15:30,106.39356074072825,658,buy,AAPL
2023-01-01 00:15:31,113.34930236799299,990,sell,AAPL
2023-01-01 00:15:32,114.84402180703552,240,sell,AAPL
2023-01-01 00:15:33,110.25690182302685,986,sell,AAPL
2023-01-01 00:15:34,106.71679285848303,217,sell,AAPL
2023-01-01 00:15:35,107.72307326519369,376,sell,AAPL
2023-01-01 00:15:36,105.18390676547467,825,buy,AAPL
2023-01-01 00:15:37,114.142988065605,319,buy,AAPL
2023-01-01 00:15:38,106.1775108289014,125,buy,AAPL
2023-01-01 00:15:39,110.76516475514254,620,sell,AAPL
2023-01-01 00:15:40,107.74055220687205,882,sell,AAPL
2023-01-01 00:15:41,110.54178002515793,109,sell,AAPL
2023-01-01 00:15:42,111.51420388351865,477,buy,AAPL
2023-01-01 00:15:43,113.29741803707202,732,sell,AAPL
2023-01-01 00:15:44,107.06421271760603,736,sell,AAPL
2023-01-01 00:15:45,105.1099582865848,781,sell,AAPL
2023-01-01 00:15:46,106.36885630068807,683,buy,AAPL
2023-01-01 00:15:47,114.00018641848105,251,sell,AAPL
2023-01-01 00:15:48,113.73890077562515,819,buy,AAPL
2023-01-01 00:15:49,110.97413102170309,148,sell,AAPL
2023-01-01 00:15:50,111.00516860433653,253,buy,AAPL
2023-01-01 00:15:51,111.65036674546255,958,buy,AAPL
2023-01-01 00:15:52,106.7537127862345,392,buy,AAPL
2023-01-01 00:15:53,114.1441194592496,679,sell,AAPL
2023-01-01 00:15:54,109.18770524892074,149,sell,AAPL
2023-01-01 00:15:55,108.83138528249498,763,buy,AAPL
2023-01-01 00:15:56,110.18917705282837,630,buy,AAPL
2023-01-01 00:15:57,105.46965966775055,711,sell,AAPL
2023-01-01 00:15:58,106.66283368756079,159,sell,AAPL
2023-01-01 00:15:59,112.38033616426371,266,buy,AAPL
2023-01-01 00:16:00,105.82798667925127,301,sell,AAPL
2023-01-01 00:16:01,111.03152109466389,956,sell,AAPL
2023-01-01 00:16:02,107.45349109681321,245,sell,AAPL
2023-01-01 00:16:03,108.89295614041977,775,sell,AAPL
2023-01-01 00:16:04,107.88693736770699,538,buy,AAPL
2023-01-01 00:16:05,108.55672716464949,341,sell,AAPL
2023-01-01 00:16:06,112.19045905184245,680,sell,AAPL
2023-01-01 00:16:07,107.97121715623175,786,buy,AAPL
2023-01-01 00:16:08,110.66404640296898,660,buy,AAPL
2023-01-01 00:16:09,109.760504021991,582,sell,AAPL
2023-01-01 00:16:10,111.63671165362648,207,sell,AAPL
2023-01-01 00:16:11,114.36829739324759,325,sell,AAPL
2023-01-01 00:16:12,112.3257209721025,772,sell,AAPL
2023-01-01 00:16:13,107.14940378590757,730,buy,AAPL
2023-01-01 00:16:14,105.31183135061285,760,buy,AAPL
2023-01-01 00:16:15,107.62264044299825,761,buy,AAPL
2023-01-01 00:16:16,110.95077930700255,531,sell,AAPL
2023-01-01 00:16:17,105.5142581348425,904,sell,AAPL
2023-01-01 00:16:18,109.96366247201236,754,sell,AAPL
2023-01-01 00:16:19,110.96842848916889,518,sell,AAPL
2023-01-01 00:16:20,108.34243890816961,554,buy,AAPL
2023-01-01 00:16:21,112.70912203745822,259,buy,AAPL
2023-01-01 00:16:22,106.06598253133772,622,sell,AAPL
2023-01-01 00:16:23,105.75137781735809,749,buy,AAPL
2023-01-01 00:16:24,112.28188756203603,689,sell,AAPL
2023-01-01 00:16:25,109.95491316206198,176,sell,AAPL
2023-01-01 00:16:26,111.88402396427736,608,buy,AAPL
2023-01-01 00:16:27,109.34827338603746,540,sell,AAPL
2023-01-01 00:16:28,107.46402033239107,353,sell,AAPL
2023-01-01 00:16:29,113.191023176742,869,buy,AAPL
2023-01-01 00:16:30,112.99415878968979,419,sell,AAPL
2023-01-01 00:16:31,111.94696470854427,902,sell,AAPL
2023-01-01 00:16:32,107.72145137229963,362,buy,AAPL
2023-01-01 00:16:33,110.90230666869087,696,sell,AAPL
2023-01-01 00:16:34,108.60973896940027,757,buy,AAPL
2023-01-01 00:16:35,105.91582073326634,934,sell,AAPL
2023-01-01 00:16:36,114.17313575462242,653,buy,AAPL
2023-01-01 00:16:37,106.36818630918961,473,buy,AAPL
2023-01-01 00:16:38,114.50237353820802,736,buy,AAPL
2023-01-01 00:16:39,109.46005772957956,266,sell,AAPL
2023-01-01 00:00:00,108.74540118847362,914,buy,MSFT
2023-01-01 00:00:01,114.50714306409915,111,buy,MSFT
2023-01-01 00:00:02,112.31993941811405,417,buy,MSFT
2023-01-01 00:00:03,110.98658484197037,691,buy,MSFT
2023-01-01 00:00:04,106.56018640442437,315,sell,MSFT
2023-01-01 00:00:05,106.55994520336202,438,sell,MSFT
2023-01-01 00:00:06,105.580836121682,875,sell,MSFT
2023-01-01 00:00:07,113.66176145774935,760,buy,MSFT
2023-01-01 00:00:08,111.0111501174321,180,sell,MSFT
2023-01-01 00:00:09,112.08072577796045,826,sell,MSFT
2023-01-01 00:00:10,105.20584494295802,584,sell,MSFT
2023-01-01 00:00:11,114.69909852161994,473,sell,MSFT
2023-01-01 00:00:12,113.32442640800421,809,sell,MSFT
2023-01-01 00:00:13,107.12339110678276,299,buy,MSFT
2023-01-01 00:00:14,106.818249672071,636,buy,MSFT
2023-01-01 00:00:15,106.83404509853433,565,sell,MSFT
2023-01-01 00:00:16,108.04242242959538,188,sell,MSFT
2023-01-01 00:00:17,110.24756431632238,367,sell,MSFT
2023-01-01 00:00:18,109.31945018642116,754,buy,MSFT
2023-01-01 00:00:19,107.91229140198043,670,buy,MSFT
2023-01-01 00:00:20,111.1185289472238,588,sell,MSFT
2023-01-01 00:00:21,106.39493860652041,976,buy,MSFT
2023-01-01 00:00:22,107.92144648535218,637,buy,MSFT
2023-01-01 00:00:23,108.66361843293691,146,sell,MSFT
2023-01-01 00:00:24,109.56069984217037,387,buy,MSFT
2023-01-01 00:00:25,112.85175961393014,877,buy,MSFT
2023-01-01 00:00:26,106.9967378215836,115,sell,MSFT
2023-01-01 00:00:27,110.14234438413612,810,buy,MSFT
2023-01-01 00:00:28,110.92414568862043,500,buy,MSFT
2023-01-01 00:00:29,105.46450412719997,893,sell,MSFT
2023-01-01 00:00:30,111.07544851901439,185,buy,MSFT
2023-01-01 00:00:31,106.70524123687292,349,buy,MSFT
2023-01-01 00:00:32,105.6505159298528,490,sell,MSFT
2023-01-01 00:00:33,114.48885537253334,881,sell,MSFT
2023-01-01 00:00:34,114.65632033074559,434,sell,MSFT
2023-01-01 00:00:35,113.0839734811646,728,buy,MSFT
2023-01-01 00:00:36,108.0461376917337,618,sell,MSFT
2023-01-01 00:00:37,105.97672114006384,236,buy,MSFT
2023-01-01 00:00:38,111.84233026512157,982,sell,MSFT
2023-01-01 00:00:39,109.40152493739602,787,buy,MSFT
2023-01-01 00:00:40,106.22038234844779,939,sell,MSFT
2023-01-01 00:00:41,109.9517691011127,597,sell,MSFT
2023-01-01 00:00:42,105.34388521115218,926,sell,MSFT
2023-01-01 00:00:43,114.09320402078782,826,sell,MSFT
2023-01-01 00:00:44,107.58779981600017,576,buy,MSFT
2023-01-01 00:00:45,111.62522284353982,693,sell,MSFT
2023-01-01 00:00:46,108.1171107608941,322,sell,MSFT
2023-01-01 00:00:47,110.2006802117781,471,buy,MSFT
2023-01-01 00:00:48,110.4671027934328,501,sell,MSFT
2023-01-01 00:00:49,106.84854455525527,542,buy,MSFT
2023-01-01 00:00:50,114.69584627764559,589,sell,MSFT
2023-01-01 00:00:51,112.75132823361115,714,sell,MSFT
2023-01-01 00:00:52,114.39498941564189,372,sell,MSFT
2023-01-01 00:00:53,113.94827350427649,625,buy,MSFT
2023-01-01 00:00:54,110.97899978811085,258,sell,MSFT
2023-01-01 00:00:55,114.21874235023117,251,sell,MSFT
2023-01-01 00:00:56,105.88492502051919,719,sell,MSFT
2023-01-01 00:00:57,106.95982862419145,287,buy,MSFT
2023-01-01 00:00:58,105.45227288910539,912,buy,MSFT
2023-01-01 00:00:59,108.25330330763265,197,sell,MSFT
2023-01-01 00:01:00,108.88677289689483,230,buy,MSFT
2023-01-01 00:01:01,107.71349031773896,904,sell,MSFT
2023-01-01 00:01:02,113.2873750915193,270,sell,MSFT
2023-01-01 00:01:03,108.5675332669359,282,sell,MSFT
2023-01-01 00:01:04,107.80934509687381,463,sell,MSFT
2023-01-01 00:01:05,110.42696083158249,138,sell,MSFT
2023-01-01 00:01:06,106.40924224974762,626,sell,MSFT
2023-01-01 00:01:07,113.0219698075404,987,sell,MSFT
2023-01-01 00:01:08,105.74550643679771,596,buy,MSFT
2023-01-01 00:01:09,114.86886936600517,615,buy,MSFT
2023-01-01 00:01:10,112.72244769296657,448,buy,MSFT
2023-01-01 00:01:11,106.98715681534172,496,buy,MSFT
2023-01-01 00:01:12,105.05522117123603,821,buy,MSFT
2023-01-01 00:01:13,113.15461428454834,260,buy,MSFT
2023-01-01 00:01:14,112.06857343847616,115,buy,MSFT
2023-01-01 00:01:15,112.29007168040988,592,sell,MSFT
2023-01-01 00:01:16,112.71270346685945,525,sell,MSFT
2023-01-01 00:01:17,105.7404465173409,207,sell,MSFT
2023-01-01 00:01:18,108.58465728544273,993,sell,MSFT
2023-01-01 00:01:19,106.1586905952513,549,buy,MSFT
2023-01-01 00:01:20,113.63103425875593,410,buy,MSFT
2023-01-01 00:01:21,111.23298126827558,838,sell,MSFT
2023-01-01 00:01:22,108.3089802485265,269,sell,MSFT
2023-01-01 00:01:23,105.63558350286024,645,buy,MSFT
2023-01-01 00:01:24,108.10982321715662,513,sell,MSFT
2023-01-01 00:01:25,108.25183322026747,350,sell,MSFT
2023-01-01 00:01:26,112.29606178338064,858,sell,MSFT
2023-01-01 00:01:27,111.37557471355213,880,sell,MSFT
2023-01-01 00:01:28,113.87212742576327,240,buy,MSFT
2023-01-01 00:01:29,109.7221492516195,373,sell,MSFT
2023-01-01 00:01:30,106.19594245938302,515,sell,MSFT
2023-01-01 00:01:31,112.13244787222995,707,buy,MSFT
2023-01-01 00:01:32,112.60785048616897,838,buy,MSFT
2023-01-01 00:01:33,110.61277197569497,990,sell,MSFT
2023-01-01 00:01:34,112.70967179954562,138,buy,MSFT
2023-01-01 00:01:35,109.9379559636439,913,sell,MSFT
2023-01-01 00:01:36,110.22732829381994,128,sell,MSFT
2023-01-01 00:01:37,109.27541018358549,576,buy,MSFT
2023-01-01 00:01:38,105.25419126744096,417,sell,MSFT
2023-01-01 00:01:39,106.07891426993305,344,sell,MSFT
2023-01-01 00:01:40,105.31429185686734,847,sell,MSFT
2023-01-01 00:01:41,111.3641041126378,796,sell,MSFT
2023-01-01 00:01:42,108.14355981076326,371,buy,MSFT
2023-01-01 00:01:43,110.08570691164702,539,buy,MSFT
2023-01-01 00:01:44,114.07566473926093,847,sell,MSFT
2023-01-01 00:01:45,107.49292229148875,338,buy,MSFT
2023-01-01 00:01:46,109.1038292303563,476,sell,MSFT
2023-01-01 00:01:47,112.55551138543049,365,sell,MSFT
2023-01-01 00:01:48,107.28798165491622,458,sell,MSFT
2023-01-01 00:01:49,105.76979909828793,439,sell,MSFT
2023-01-01 00:01:50,107.89751452913768,488,sell,MSFT
2023-01-01 00:01:51,106.61221287254004,676,buy,MSFT
2023-01-01 00:01:52,114.29697652342573,788,sell,MSFT
2023-01-01 00:01:53,113.08120379564417,102,buy,MSFT
2023-01-01 00:01:54,111.33403756510424,528,buy,MSFT
2023-01-01 00:01:55,113.71460590187718,241,sell,MSFT
2023-01-01 00:01:56,113.03672076899115,475,sell,MSFT
2023-01-01 00:01:57,106.86570058886036,769,sell,MSFT
2023-01-01 00:01:58,113.92558998489977,423,sell,MSFT
2023-01-01 00:01:59,110.39342241915651,245,sell,MSFT
2023-01-01 00:02:00,113.07440155164062,392,buy,MSFT
2023-01-01 00:02:01,113.96091299923494,764,sell,MSFT
2023-01-01 00:02:02,108.18003474971864,531,sell,MSFT
2023-01-01 00:02:03,106.10051924527677,804,buy,MSFT
2023-01-01 00:02:04,107.27935162541942,684,buy,MSFT
2023-01-01 00:02:05,109.27107788626256,498,sell,MSFT
2023-01-01 00:02:06,113.18014765922493,916,buy,MSFT
2023-01-01 00:02:07,113.60730583256344,988,sell,MSFT
2023-01-01 00:02:08,105.06952130531191,443,buy,MSFT
2023-01-01 00:02:09,110.10747302577566,239,buy,MSFT
2023-01-01 00:02:10,109.17411003148779,286,sell,MSFT
2023-01-01 00:02:11,107.2210781047073,904,buy,MSFT
2023-01-01 00:02:12,106.19865367333682,160,buy,MSFT
2023-01-01 00:02:13,108.37615171403628,479,buy,MSFT
2023-01-01 00:02:14,114.4290970391252,809,buy,MSFT
2023-01-01 00:02:15,108.23202932020756,906,buy,MSFT
2023-01-01 00:02:16,110.18790621743366,539,buy,MSFT
2023-01-01 00:02:17,112.03018958895177,418,sell,MSFT
2023-01-01 00:02:18,108.63629602379294,401,sell,MSFT
2023-01-01 00:02:19,114.71782082720961,443,buy,MSFT
2023-01-01 00:02:20,114.62447294942112,110,sell,MSFT
2023-01-01 00:02:21,107.51782295825365,161,sell,MSFT
2023-01-01 00:02:22,109.97248505892385,944,sell,MSFT
2023-01-01 00:02:23,108.0087830981677,325,buy,MSFT
2023-01-01 00:02:24,107.84840494377468,252,sell,MSFT
2023-01-01 00:02:25,105.36886947354533,810,buy,MSFT
2023-01-01 00:02:26,111.09564333979897,663,sell,MSFT
2023-01-01 00:02:27,110.02679023228862,871,buy,MSFT
2023-01-01 00:02:28,105.5147875124999,670,buy,MSFT
2023-01-01 00:02:29,107.78646464236611,683,sell,MSFT
2023-01-01 00:02:30,114.08265885966654,759,sell,MSFT
2023-01-01 00:02:31,107.39561890666972,960,buy,MSFT
2023-01-01 00:02:32,106.44894872091223,674,sell,MSFT
2023-01-01 00:02:33,109.89452760277563,409,sell,MSFT
2023-01-01 00:02:34,114.856504541106,984,sell,MSFT
2023-01-01 00:02:35,107.42055271511501,342,buy,MSFT
2023-01-01 00:02:36,111.72135547405878,592,buy,MSFT
2023-01-01 00:02:37,112.61619615328718,465,sell,MSFT
2023-01-01 00:02:38,107.37637543992399,429,sell,MSFT
2023-01-01 00:02:39,112.28216348611859,206,sell,MSFT
2023-01-01 00:02:40,108.67783132719254,325,buy,MSFT
2023-01-01 00:02:41,111.32305830593579,924,buy,MSFT
2023-01-01 00:02:42,111.33529710760895,317,sell,MSFT
2023-01-01 00:02:43,110.35774684074758,852,sell,MSFT
2023-01-01 00:02:44,105.90289770054409,605,sell,MSFT
2023-01-01 00:02:45,113.35302495589238,358,sell,MSFT
2023-01-01 00:02:46,108.20780064971736,987,sell,MSFT
2023-01-01 00:02:47,106.86518510399854,873,sell,MSFT
2023-01-01 00:02:48,105.40775141554764,616,buy,MSFT
2023-01-01 00:02:49,110.90892943188241,872,sell,MSFT
2023-01-01 00:02:50,111.77564361842282,153,buy,MSFT
2023-01-01 00:02:51,105.16587828927857,146,sell,MSFT
2023-01-01 00:02:52,110.12093058299281,826,sell,MSFT
2023-01-01 00:02:53,107.26495775197938,788,buy,MSFT
2023-01-01 00:02:54,111.4517279040945,620,buy,MSFT
2023-01-01 00:02:55,106.74366429004992,198,buy,MSFT
2023-01-01 00:02:56,111.90937738102465,119,buy,MSFT
2023-01-01 00:02:57,108.86735346300537,989,sell,MSFT
2023-01-01 00:02:58,114.36729988736735,852,buy,MSFT
2023-01-01 00:02:59,106.37520944145993,672,sell,MSFT
2023-01-01 00:03:00,108.41066351050259,990,buy,MSFT
2023-01-01 00:03:01,106.13473521240589,589,sell,MSFT
2023-01-01 00:03:02,114.24693618278563,518,sell,MSFT
2023-01-01 00:03:03,113.77339353380981,789,sell,MSFT
2023-01-01 00:03:04,107.57941627715155,949,sell,MSFT
2023-01-01 00:03:05,111.5998404603418,161,sell,MSFT
2023-01-01 00:03:06,113.17222200201216,244,sell,MSFT
2023-01-01 00:03:07,110.55200811599462,315,buy,MSFT
2023-01-01 00:03:08,110.29650578356006,102,sell,MSFT
2023-01-01 00:03:09,107.41852290900452,259,buy,MSFT
2023-01-01 00:03:10,105.931027678059,838,buy,MSFT
2023-01-01 00:03:11,113.97215757953327,880,sell,MSFT
2023-01-01 00:03:12,114.0041805716333,219,buy,MSFT
2023-01-01 00:03:13,111.33101457273268,992,sell,MSFT
2023-01-01 00:03:14,108.390297910487,188,buy,MSFT
2023-01-01 00:03:15,108.49209574612661,428,sell,MSFT
2023-01-01 00:03:16,112.2595567887024,679,buy,MSFT
2023-01-01 00:03:17,113.97110259952578,456,sell,MSFT
2023-01-01 00:03:18,113.87086424265118,709,sell,MSFT
2023-01-01 00:03:19,112.79875545857624,366,sell,MSFT
2023-01-01 00:03:20,111.42031646154288,716,sell,MSFT
2023-01-01 00:03:21,105.84139964995049,422,buy,MSFT
2023-01-01 00:03:22,106.61628714094614,734,sell,MSFT
2023-01-01 00:03:23,113.98554188527079,640,buy,MSFT
2023-01-01 00:03:24,111.0642905965959,748,buy,MSFT
2023-01-01 00:03:25,105.0919705161663,294,buy,MSFT
2023-01-01 00:03:26,106.01471542866032,837,sell,MSFT
2023-01-01 00:03:27,111.63501769108056,431,buy,MSFT
2023-01-01 00:03:28,105.05061583846219,269,buy,MSFT
2023-01-01 00:03:29,106.60808051417499,620,buy,MSFT
2023-01-01 00:03:30,110.48733789366587,562,sell,MSFT
2023-01-01 00:03:31,111.91895197692693,139,sell,MSFT
2023-01-01 00:03:32,111.519612595026,636,buy,MSFT
2023-01-01 00:03:33,107.2426930946056,360,sell,MSFT
2023-01-01 00:03:34,112.12179221347536,494,sell,MSFT
2023-01-01 00:03:35,107.372490874968,325,buy,MSFT
2023-01-01 00:03:36,108.25399698159268,223,buy,MSFT
2023-01-01 00:03:37,112.46491405118024,137,sell,MSFT
2023-01-01 00:03:38,111.49632899047215,427,buy,MSFT
2023-01-01 00:03:39,113.49223410494179,350,sell,MSFT
2023-01-01 00:03:40,111.57612892300344,275,sell,MSFT
2023-01-01 00:03:41,110.68308603335471,701,sell,MSFT
2023-01-01 00:03:42,105.93674767828092,553,sell,MSFT
2023-01-01 00:03:43,108.67715803059434,136,sell,MSFT
2023-01-01 00:03:44,107.65202367681725,415,sell,MSFT
2023-01-01 00:03:45,107.43989643379084,787,buy,MSFT
2023-01-01 00:03:46,114.73010554752446,895,buy,MSFT
2023-01-01 00:03:47,108.93097724666761,692,sell,MSFT
2023-01-01 00:03:48,113.92046555177113,213,sell,MSFT
2023-01-01 00:03:49,111.31138625997264,139,sell,MSFT
2023-01-01 00:03:50,112.94811303541648,400,buy,MSFT
2023-01-01 00:03:51,110.02637093105191,323,sell,MSFT
2023-01-01 00:03:52,110.76903884626358,417,buy,MSFT
2023-01-01 00:03:53,109.92517693818864,448,sell,MSFT
2023-01-01 00:03:54,106.95242987798045,214,sell,MSFT
2023-01-01 00:03:55,112.22452115261505,797,buy,MSFT
2023-01-01 00:03:56,107.80772362440855,422,buy,MSFT
2023-01-01 00:03:57,105.24315966431453,667,sell,MSFT
2023-01-01 00:03:58,111.45472295907167,139,sell,MSFT
2023-01-01 00:03:59,106.77110679407049,965,sell,MSFT
2023-01-01 00:04:00,114.40458584352915,139,buy,MSFT
2023-01-01 00:04:01,114.53928577002587,958,buy,MSFT
2023-01-01 00:04:02,114.14864390220448,848,buy,MSFT
2023-01-01 00:04:03,108.70158700255445,388,buy,MSFT
2023-01-01 00:04:04,105.15456616528867,361,buy,MSFT
2023-01-01 00:04:05,114.28318562587725,315,buy,MSFT
2023-01-01 00:04:06,109.28184148317314,246,sell,MSFT
2023-01-01 00:04:07,114.6665481904367,435,sell,MSFT
2023-01-01 00:04:08,114.63619977089253,267,buy,MSFT
2023-01-01 00:04:09,113.5300945546736,191,sell,MSFT
2023-01-01 00:04:10,107.94448892069586,452,sell,MSFT
2023-01-01 00:04:11,108.85097728601926,670,buy,MSFT
2023-01-01 00:04:12,113.51136671516856,670,sell,MSFT
2023-01-01 00:04:13,108.16922005156277,915,buy,MSFT
2023-01-01 00:04:14,106.69492746686092,780,buy,MSFT
2023-01-01 00:04:15,110.5680126245835,880,sell,MSFT
2023-01-01 00:04:16,114.36154774160781,462,buy,MSFT
2023-01-01 00:04:17,111.96029796674974,656,buy,MSFT
2023-01-01 00:04:18,110.70061170089365,444,buy,MSFT
2023-01-01 00:04:19,105.97176493770769,792,buy,MSFT
2023-01-01 00:04:20,111.1500722669917,269,buy,MSFT
2023-01-01 00:04:21,114.90053850104263,455,buy,MSFT
2023-01-01 00:04:22,106.40084015236523,290,buy,MSFT
2023-01-01 00:04:23,110.18329652363737,766,buy,MSFT
2023-01-01 00:04:24,113.77373071927956,521,sell,MSFT
2023-01-01 00:04:25,112.40768617754205,799,sell,MSFT
2023-01-01 00:04:26,111.97015740995268,106,sell,MSFT
2023-01-01 00:04:27,112.02484083987109,232,buy,MSFT
2023-01-01 00:04:28,108.59491151219756,846,buy,MSFT
2023-01-01 00:04:29,107.93591844264493,656,sell,MSFT
2023-01-01 00:04:30,113.09361155478514,925,sell,MSFT
2023-01-01 00:04:31,113.1011339467918,860,sell,MSFT
2023-01-01 00:04:32,113.67072318580104,130,buy,MSFT
2023-01-01 00:04:33,114.1324055255647,634,sell,MSFT
2023-01-01 00:04:34,110.11342398860938,525,sell,MSFT
2023-01-01 00:04:35,110.015162946872,493,buy,MSFT
2023-01-01 00:04:36,112.98295178966775,771,sell,MSFT
2023-01-01 00:04:37,111.49963930777766,462,buy,MSFT
2023-01-01 00:04:38,112.01966877257703,536,buy,MSFT
2023-01-01 00:04:39,112.957926694361,769,buy,MSFT
2023-01-01 00:04:40,113.90005341817566,650,sell,MSFT
2023-01-01 00:04:41,108.37995156851535,181,sell,MSFT
2023-01-01 00:04:42,108.75582952639944,455,buy,MSFT
2023-01-01 00:04:43,105.93981939840869,357,sell,MSFT
2023-01-01 00:04:44,110.78280140996173,817,sell,MSFT
2023-01-01 00:04:45,105.35942273796742,688,sell,MSFT
2023-01-01 00:04:46,109.6559801813246,623,sell,MSFT
2023-01-01 00:04:47,110.42644634707577,394,buy,MSFT
2023-01-01 00:04:48,107.86541252128285,323,sell,MSFT
2023-01-01 00:04:49,110.9083326056901,624,buy,MSFT
2023-01-01 00:04:50,105.3050024993905,145,buy,MSFT
2023-01-01 00:04:51,105.37348188749215,766,sell,MSFT
2023-01-01 00:04:52,113.22600560659659,212,buy,MSFT
2023-01-01 00:04:53,108.60190641411263,332,sell,MSFT
2023-01-01 00:04:54,106.27060512651884,116,sell,MSFT
2023-01-01 00:04:55,110.22243260054805,459,buy,MSFT
2023-01-01 00:04:56,112.69993553098611,322,buy,MSFT
2023-01-01 00:04:57,107.15821027496843,965,buy,MSFT
2023-01-01 00:04:58,111.22890475819,799,buy,MSFT
2023-01-01 00:04:59,105.85347464993768,547,sell,MSFT
2023-01-01 00:05:00,105.51681721168607,955,sell,MSFT
2023-01-01 00:05:01,110.31354631568148,464,sell,MSFT
2023-01-01 00:05:02,110.40635121610106,774,buy,MSFT
2023-01-01 00:05:03,111.37429901498207,425,buy,MSFT
2023-01-01 00:05:04,112.26091333722661,566,buy,MSFT
2023-01-01 00:05:05,114.75852079462534,513,sell,MSFT
2023-01-01 00:05:06,110.16300348301195,554,buy,MSFT
2023-01-01 00:05:07,108.22956472941246,685,sell,MSFT
2023-01-01 00:05:08,112.95186194768704,332,buy,MSFT
2023-01-01 00:05:09,107.70832251262074,323,sell,MSFT
2023-01-01 00:05:10,109.38971420705636,930,sell,MSFT
2023-01-01 00:05:11,105.78456381342266,511,buy,MSFT
2023-01-01 00:05:12,105.25350743415457,671,buy,MSFT
2023-01-01 00:05:13,114.62648414677925,434,sell,MSFT
2023-01-01 00:05:14,113.35980120512205,321,sell,MSFT
2023-01-01 00:05:15,111.95974206093697,136,buy,MSFT
2023-01-01 00:05:16,109.0895294441427,377,buy,MSFT
2023-01-01 00:05:17,106.73294320070846,295,sell,MSFT
2023-01-01 00:05:18,106.56437042671087,963,buy,MSFT
2023-01-01 00:05:19,107.50242898164595,583,sell,MSFT
2023-01-01 00:05:20,110.4922666470612,341,sell,MSFT
2023-01-01 00:05:21,112.14595922700062,423,buy,MSFT
2023-01-01 00:05:22,111.60197376717731,830,buy,MSFT
2023-01-01 00:05:23,107.79933896945943,291,buy,MSFT
2023-01-01 00:05:24,114.54865280663194,116,buy,MSFT
2023-01-01 00:05:25,112.37896916695769,623,buy,MSFT
2023-01-01 00:05:26,110.54354052511401,500,sell,MSFT
2023-01-01 00:05:27,111.11720746234352,985,sell,MSFT
2023-01-01 00:05:28,109.1960006242779,804,buy,MSFT
2023-01-01 00:05:29,107.47730989501157,121,buy,MSFT
2023-01-01 00:05:30,108.55972678651261,573,buy,MSFT
2023-01-01 00:05:31,112.5784611046437,219,sell,MSFT
2023-01-01 00:05:32,105.14393488629756,309,buy,MSFT
2023-01-01 00:05:33,106.16072640506916,405,buy,MSFT
2023-01-01 00:05:34,105.46002642021753,369,sell,MSFT
2023-01-01 00:05:35,105.40728802318971,803,sell,MSFT
2023-01-01 00:05:36,113.55460584011007,786,buy,MSFT
2023-01-01 00:05:37,112.03657859380024,384,buy,MSFT
2023-01-01 00:05:38,109.74173829087326,815,buy,MSFT
2023-01-01 00:05:39,105.97834160651001,775,sell,MSFT
2023-01-01 00:05:40,109.91615875116833,862,buy,MSFT
2023-01-01 00:05:41,109.73471770780566,326,buy,MSFT
2023-01-01 00:05:42,106.73201869910015,480,buy,MSFT
2023-01-01 00:05:43,109.33851649237972,559,sell,MSFT
2023-01-01 00:05:44,108.98504734397373,106,sell,MSFT
2023-01-01 00:05:45,111.15850098052216,128,buy,MSFT
2023-01-01 00:05:46,111.35093650867644,132,buy,MSFT
2023-01-01 00:05:47,105.45304009772045,745,sell,MSFT
2023-01-01 00:05:48,108.74612614626471,978,sell,MSFT
2023-01-01 00:05:49,111.25859915714236,178,sell,MSFT
2023-01-01 00:05:50,110.03136258580088,558,sell,MSFT
2023-01-01 00:05:51,113.56489841188322,669,sell,MSFT
2023-01-01 00:05:52,111.58693631618945,637,sell,MSFT
2023-01-01 00:05:53,106.6293442708143,581,sell,MSFT
2023-01-01 00:05:54,105.70568747400429,529,sell,MSFT
2023-01-01 00:05:55,111.42419278206316,837,sell,MSFT
2023-01-01 00:05:56,105.26511310541622,384,buy,MSFT
2023-01-01 00:05:57,110.85775581273464,615,buy,MSFT
2023-01-01 00:05:58,114.40230241424958,198,buy,MSFT
2023-01-01 00:05:59,110.75474177875878,496,sell,MSFT
2023-01-01 00:06:00,108.88169926206523,588,buy,MSFT
2023-01-01 00:06:01,111.43288218442353,138,sell,MSFT
2023-01-01 00:06:02,109.58252890491516,370,sell,MSFT
2023-01-01 00:06:03,110.45616789315935,986,buy,MSFT
2023-01-01 00:06:04,114.41464808776524,896,sell,MSFT
2023-01-01 00:06:05,108.86102637800774,256,buy,MSFT
2023-01-01 00:06:06,114.61190563823914,174,buy,MSFT
2023-01-01 00:06:07,114.05350641956063,983,buy,MSFT
2023-01-01 00:06:08,106.95791134789296,899,sell,MSFT
2023-01-01 00:06:09,105.69361300875165,229,buy,MSFT
2023-01-01 00:06:10,106.00778001377427,786,sell,MSFT
2023-01-01 00:06:11,105.1822182565155,183,buy,MSFT
2023-01-01 00:06:12,105.94442960755929,121,buy,MSFT
2023-01-01 00:06:13,111.83006773416356,558,buy,MSFT
2023-01-01 00:06:14,105.71188648460229,638,sell,MSFT
2023-01-01 00:06:15,108.18975630293761,806,sell,MSFT
2023-01-01 00:06:16,113.44875310969455,948,sell,MSFT
2023-01-01 00:06:17,105.23271935735826,481,buy,MSFT
2023-01-01 00:06:18,113.14468482588936,847,buy,MSFT
2023-01-01 00:06:19,107.818547747734,539,sell,MSFT
2023-01-01 00:06:20,106.18164827621656,703,sell,MSFT
2023-01-01 00:06:21,111.96737165364151,120,sell,MSFT
2023-01-01 00:06:22,111.28942846779884,402,sell,MSFT
2023-01-01 00:06:23,113.77472013527053,968,sell,MSFT
2023-01-01 00:06:24,112.35071043803886,183,sell,MSFT
2023-01-01 00:06:25,113.03480930384849,873,buy,MSFT
2023-01-01 00:06:26,107.82034572571307,758,sell,MSFT
2023-01-01 00:06:27,106.77439543779722,552,buy,MSFT
2023-01-01 00:06:28,112.50614751640859,486,buy,MSFT
2023-01-01 00:06:29,113.06834739267264,606,sell,MSFT
2023-01-01 00:06:30,114.90505142000673,356,sell,MSFT
2023-01-01 00:06:31,109.12617676911427,669,buy,MSFT
2023-01-01 00:06:32,108.72018085792783,991,sell,MSFT
2023-01-01 00:06:33,112.76412960741997,626,sell,MSFT
2023-01-01 00:06:34,108.40803540253017,261,buy,MSFT
2023-01-01 00:06:35,114.30757325603565,262,buy,MSFT
2023-01-01 00:06:36,113.58412751843012,931,buy,MSFT
2023-01-01 00:06:37,109.28994027375018,892,sell,MSFT
2023-01-01 00:06:38,112.50871067791498,891,buy,MSFT
2023-01-01 00:06:39,112.54542874084683,623,sell,MSFT
2023-01-01 00:06:40,106.03123868835932,885,buy,MSFT
2023-01-01 00:06:41,114.02552906679567,370,buy,MSFT
2023-01-01 00:06:42,110.05252372447858,591,buy,MSFT
2023-01-01 00:06:43,113.26457466107742,307,sell,MSFT
2023-01-01 00:06:44,108.20049601030611,638,sell,MSFT
2023-01-01 00:06:45,113.95523228496201,683,buy,MSFT
2023-01-01 00:06:46,108.89201678734163,159,buy,MSFT
2023-01-01 00:06:47,105.10837651480298,529,buy,MSFT
2023-01-01 00:06:48,114.05381976419264,756,sell,MSFT
2023-01-01 00:06:49,105.91286676786133,704,buy,MSFT
2023-01-01 00:06:50,108.19313637590415,408,sell,MSFT
2023-01-01 00:06:51,114.50061967050804,619,buy,MSFT
2023-01-01 00:06:52,114.50607146937556,690,buy,MSFT
2023-01-01 00:06:53,110.73437888123286,126,buy,MSFT
2023-01-01 00:06:54,111.31837212169799,785,buy,MSFT
2023-01-01 00:06:55,109.4844552197832,661,buy,MSFT
2023-01-01 00:06:56,107.93210771698064,298,buy,MSFT
2023-01-01 00:06:57,108.28664545369917,486,sell,MSFT
2023-01-01 00:06:58,111.72518456077039,448,buy,MSFT
2023-01-01 00:06:59,112.5237452943768,792,sell,MSFT
2023-01-01 00:07:00,112.91579043725848,635,buy,MSFT
2023-01-01 00:07:01,112.89618142794554,927,buy,MSFT
2023-01-01 00:07:02,105.91206103048691,477,sell,MSFT
2023-01-01 00:07:03,109.94420304702581,998,buy,MSFT
2023-01-01 00:07:04,105.57558760016644,657,sell,MSFT
2023-01-01 00:07:05,110.49528882323736,626,sell,MSFT
2023-01-01 00:07:06,109.41530501373377,252,buy,MSFT
2023-01-01 00:07:07,113.877041827583,833,sell,MSFT
2023-01-01 00:07:08,108.50915012552079,305,sell,MSFT
2023-01-01 00:07:09,106.17067016427606,554,buy,MSFT
2023-01-01 00:07:10,106.42991682052836,372,sell,MSFT
2023-01-01 00:07:11,112.61510631717472,993,buy,MSFT
2023-01-01 00:07:12,111.18218063316262,335,buy,MSFT
2023-01-01 00:07:13,106.0112267612279,951,buy,MSFT
2023-01-01 00:07:14,105.84106806114997,839,buy,MSFT
2023-01-01 00:07:15,112.0096913145912,620,sell,MSFT
2023-01-01 00:07:16,105.72763006364194,777,buy,MSFT
2023-01-01 00:07:17,113.21860059290356,930,buy,MSFT
2023-01-01 00:07:18,112.06242227156497,825,sell,MSFT
2023-01-01 00:07:19,105.813487806419,600,buy,MSFT
2023-01-01 00:07:20,105.84837714085192,216,buy,MSFT
2023-01-01 00:07:21,114.86639578501175,485,sell,MSFT
2023-01-01 00:07:22,108.74270795756121,443,sell,MSFT
2023-01-01 00:07:23,108.70642147066891,683,sell,MSFT
2023-01-01 00:07:24,113.12799567257503,494,sell,MSFT
2023-01-01 00:07:25,114.47248577383859,163,sell,MSFT
2023-01-01 00:07:26,114.86001063822872,816,sell,MSFT
2023-01-01 00:07:27,112.53378185258941,820,sell,MSFT
2023-01-01 00:07:28,108.76259585530916,171,buy,MSFT
2023-01-01 00:07:29,105.83500716698668,888,sell,MSFT
2023-01-01 00:07:30,112.77146915927437,373,sell,MSFT
2023-01-01 00:07:31,110.58404249735806,419,sell,MSFT
2023-01-01 00:07:32,109.24222009246976,437,buy,MSFT
2023-01-01 00:07:33,114.06354385094735,465,buy,MSFT
2023-01-01 00:07:34,106.11197482306152,594,sell,MSFT
2023-01-01 00:07:35,109.92625104290859,706,sell,MSFT
2023-01-01 00:07:36,105.11353644767419,265,sell,MSFT
2023-01-01 00:07:37,109.68660641994126,643,buy,MSFT
2023-01-01 00:07:38,105.56303275681837,110,buy,MSFT
2023-01-01 00:07:39,106.18817916268073,400,sell,MSFT
2023-01-01 00:07:40,106.17526246777105,828,buy,MSFT
2023-01-01 00:07:41,111.49210302116063,900,sell,MSFT
2023-01-01 00:07:42,112.46044879265423,201,buy,MSFT
2023-01-01 00:07:43,110.8336876509716,524,buy,MSFT
2023-01-01 00:07:44,114.62172548474541,491,sell,MSFT
2023-01-01 00:07:45,108.74870579523704,878,sell,MSFT
2023-01-01 00:07:46,107.8571208628186,313,sell,MSFT
2023-01-01 00:07:47,113.6859912818946,790,sell,MSFT
2023-01-01 00:07:48,107.23595838519452,187,buy,MSFT
2023-01-01 00:07:49,114.6322253944061,652,buy,MSFT
2023-01-01 00:07:50,105.12154474689817,500,buy,MSFT
2023-01-01 00:07:51,114.6987882670764,687,sell,MSFT
2023-01-01 00:07:52,105.43159911950576,988,buy,MSFT
2023-01-01 00:07:53,113.91143113698071,145,sell,MSFT
2023-01-01 00:07:54,110.277011090863,771,buy,MSFT
2023-01-01 00:07:55,114.929647961193,562,sell,MSFT
2023-01-01 00:07:56,105.73796564735399,691,sell,MSFT
2023-01-01 00:07:57,110.53854284401321,409,buy,MSFT
2023-01-01 00:07:58,114.69302535619099,185,sell,MSFT
2023-01-01 00:07:59,110.2309784417015,191,sell,MSFT
2023-01-01 00:08:00,111.29398638135262,759,buy,MSFT
2023-01-01 00:08:01,111.95748688984617,772,sell,MSFT
2023-01-01 00:08:02,109.54541064767773,813,sell,MSFT
2023-01-01 00:08:03,111.27558080084063,341,sell,MSFT
2023-01-01 00:08:04,110.843143119231,964,buy,MSFT
2023-01-01 00:08:05,114.01158010490988,101,buy,MSFT
2023-01-01 00:08:06,105.45446380341458,324,sell,MSFT
2023-01-01 00:08:07,107.80963189592231,900,buy,MSFT
2023-01-01 00:08:08,114.5041148407656,844,sell,MSFT
2023-01-01 00:08:09,113.90263783890916,688,sell,MSFT
2023-01-01 00:08:10,109.55656752785713,215,sell,MSFT
2023-01-01 00:08:11,111.20132597801536,765,sell,MSFT
2023-01-01 00:08:12,107.77381182981132,202,sell,MSFT
2023-01-01 00:08:13,106.88121159723761,293,buy,MSFT
2023-01-01 00:08:14,109.63698404939981,265,sell,MSFT
2023-01-01 00:08:15,108.53352228026053,970,buy,MSFT
2023-01-01 00:08:16,110.83656111850873,189,buy,MSFT
2023-01-01 00:08:17,105.77734636964985,785,sell,MSFT
2023-01-01 00:08:18,114.74394807666167,221,sell,MSFT
2023-01-01 00:08:19,114.86210744479602,242,buy,MSFT
2023-01-01 00:08:20,111.98161714019746,205,buy,MSFT
2023-01-01 00:08:21,110.3609636634412,986,buy,MSFT
2023-01-01 00:08:22,108.09527616286327,527,sell,MSFT
2023-01-01 00:08:23,113.13795019706949,404,buy,MSFT
2023-01-01 00:08:24,111.84731172553879,971,sell,MSFT
2023-01-01 00:08:25,106.62616939344892,416,sell,MSFT
2023-01-01 00:08:26,114.10927184493842,734,sell,MSFT
2023-01-01 00:08:27,113.2253724292317,108,buy,MSFT
2023-01-01 00:08:28,114.49799913291923,873,sell,MSFT
2023-01-01 00:08:29,112.2571950838836,172,sell,MSFT
2023-01-01 00:08:30,111.1341519593579,458,sell,MSFT
2023-01-01 00:08:31,109.18243036290619,322,sell,MSFT
2023-01-01 00:08:32,114.32728483354013,515,sell,MSFT
2023-01-01 00:08:33,113.66063889500408,652,buy,MSFT
2023-01-01 00:08:34,105.45218670106189,469,sell,MSFT
2023-01-01 00:08:35,105.26366974497252,815,sell,MSFT
2023-01-01 00:08:36,108.76463366878049,363,buy,MSFT
2023-01-01 00:08:37,113.10553330781833,939,sell,MSFT
2023-01-01 00:08:38,114.87276129314944,789,buy,MSFT
2023-01-01 00:08:39,106.50416891103528,959,sell,MSFT
2023-01-01 00:08:40,110.94130715352135,417,buy,MSFT
2023-01-01 00:08:41,108.80890856631021,183,buy,MSFT
2023-01-01 00:08:42,114.69914397814603,417,sell,MSFT
2023-01-01 00:08:43,113.42118923135709,210,sell,MSFT
2023-01-01 00:08:44,113.38328704711138,350,sell,MSFT
2023-01-01 00:08:45,109.68693159794971,482,buy,MSFT
2023-01-01 00:08:46,109.14819502337666,106,buy,MSFT
2023-01-01 00:08:47,107.73407071930706,558,buy,MSFT
2023-01-01 00:08:48,105.56375496650926,183,sell,MSFT
2023-01-01 00:08:49,113.64722376255054,307,buy,MSFT
2023-01-01 00:08:50,113.12901009130077,999,buy,MSFT
2023-01-01 00:08:51,114.9971767328613,489,sell,MSFT
2023-01-01 00:08:52,114.96636837073905,413,buy,MSFT
2023-01-01 00:08:53,110.55431705602628,121,buy,MSFT
2023-01-01 00:08:54,112.6898741518051,509,sell,MSFT
2023-01-01 00:08:55,114.44765729882428,994,buy,MSFT
2023-01-01 00:08:56,113.49647390677411,614,sell,MSFT
2023-01-01 00:08:57,107.47348101743198,226,sell,MSFT
2023-01-01 00:08:58,109.50544135310093,908,sell,MSFT
2023-01-01 00:08:59,106.29159415151494,799,sell,MSFT
2023-01-01 00:09:00,114.54051027258723,973,sell,MSFT
2023-01-01 00:09:01,111.0617463445088,113,buy,MSFT
2023-01-01 00:09:02,107.28642805503463,111,buy,MSFT
2023-01-01 00:09:03,111.71700684405857,186,sell,MSFT
2023-01-01 00:09:04,111.18128240457895,623,sell,MSFT
2023-01-01 00:09:05,108.58162718032841,636,buy,MSFT
2023-01-01 00:09:06,106.13557592199629,400,sell,MSFT
2023-01-01 00:09:07,111.71573195592799,342,sell,MSFT
2023-01-01 00:09:08,110.20307700903794,221,sell,MSFT
2023-01-01 00:09:09,112.7231839173564,246,buy,MSFT
2023-01-01 00:09:10,110.20163501111993,666,buy,MSFT
2023-01-01 00:09:11,113.5218150031854,849,sell,MSFT
2023-01-01 00:09:12,110.51906838774485,455,sell,MSFT
2023-01-01 00:09:13,110.60937971535387,784,buy,MSFT
2023-01-01 00:09:14,113.76653602658345,832,buy,MSFT
2023-01-01 00:09:15,109.03482866212397,730,sell,MSFT
2023-01-01 00:09:16,106.3401522845064,408,sell,MSFT
2023-01-01 00:09:17,105.2878267631334,794,buy,MSFT
2023-01-01 00:09:18,112.5513725567362,387,buy,MSFT
2023-01-01 00:09:19,111.20309551353465,406,buy,MSFT
2023-01-01 00:09:20,112.04079768099224,911,sell,MSFT
2023-01-01 00:09:21,107.12964161508911,693,buy,MSFT
2023-01-01 00:09:22,106.3637147558677,822,sell,MSFT
2023-01-01 00:09:23,105.14544665667881,761,buy,MSFT
2023-01-01 00:09:24,108.50587558806598,648,buy,MSFT
2023-01-01 00:09:25,110.89917686854633,451,buy,MSFT
2023-01-01 00:09:26,108.92244045099733,411,buy,MSFT
2023-01-01 00:09:27,109.37474922023729,972,sell,MSFT
2023-01-01 00:09:28,114.04158694493748,158,sell,MSFT
2023-01-01 00:09:29,108.482554670233,742,buy,MSFT
2023-01-01 00:09:30,110.1398948915981,813,sell,MSFT
2023-01-01 00:09:31,112.83653012741144,854,buy,MSFT
2023-01-01 00:09:32,108.9654278232127,134,buy,MSFT
2023-01-01 00:09:33,111.22086700227874,544,buy,MSFT
2023-01-01 00:09:34,113.62363708746746,192,buy,MSFT
2023-01-01 00:09:35,114.49520623657642,306,sell,MSFT
2023-01-01 00:09:36,106.47073480929038,452,buy,MSFT
2023-01-01 00:09:37,114.26587625161494,431,buy,MSFT
2023-01-01 00:09:38,109.92116293079538,916,sell,MSFT
2023-01-01 00:09:39,107.58244388298958,961,buy,MSFT
2023-01-01 00:09:40,109.59135756238261,824,buy,MSFT
2023-01-01 00:09:41,114.80032575285477,258,buy,MSFT
2023-01-01 00:09:42,109.9261809399287,123,sell,MSFT
2023-01-01 00:09:43,108.28751610287509,503,buy,MSFT
2023-01-01 00:09:44,111.33400854316726,904,sell,MSFT
2023-01-01 00:09:45,107.40145618778193,615,buy,MSFT
2023-01-01 00:09:46,105.75863328108665,831,buy,MSFT
2023-01-01 00:09:47,106.2887972191065,463,sell,MSFT
2023-01-01 00:09:48,106.28045838957773,481,buy,MSFT
2023-01-01 00:09:49,106.51902693512294,631,buy,MSFT
2023-01-01 00:09:50,106.3882717264941,251,sell,MSFT
2023-01-01 00:09:51,111.40874744803214,661,sell,MSFT
2023-01-01 00:09:52,106.81880084399145,788,sell,MSFT
2023-01-01 00:09:53,108.45667283323863,707,sell,MSFT
2023-01-01 00:09:54,113.96788409906011,716,sell,MSFT
2023-01-01 00:09:55,109.73961640262873,519,buy,MSFT
2023-01-01 00:09:56,111.67557738521027,349,sell,MSFT
2023-01-01 00:09:57,106.7231987120163,216,buy,MSFT
2023-01-01 00:09:58,106.92289018808671,965,buy,MSFT
2023-01-01 00:09:59,105.4086861626648,611,buy,MSFT
2023-01-01 00:10:00,106.68935063072165,839,sell,MSFT
2023-01-01 00:10:01,107.78590339031959,677,sell,MSFT
2023-01-01 00:10:02,106.77010484276747,434,buy,MSFT
2023-01-01 00:10:03,105.88702533757056,517,sell,MSFT
2023-01-01 00:10:04,106.206358711006,873,sell,MSFT
2023-01-01 00:10:05,109.60778768032726,394,sell,MSFT
2023-01-01 00:10:06,107.06333718405793,854,sell,MSFT
2023-01-01 00:10:07,108.64269861048075,470,buy,MSFT
2023-01-01 00:10:08,110.03417270854857,285,buy,MSFT
2023-01-01 00:10:09,111.90394828629366,345,sell,MSFT
2023-01-01 00:10:10,105.39312139841098,736,buy,MSFT
2023-01-01 00:10:11,112.99410398909043,367,sell,MSFT
2023-01-01 00:10:12,111.27900389490908,742,sell,MSFT
2023-01-01 00:10:13,105.81759031948872,336,buy,MSFT
2023-01-01 00:10:14,113.73578624106777,629,buy,MSFT
2023-01-01 00:10:15,114.20872400531813,651,buy,MSFT
2023-01-01 00:10:16,105.61077959854863,120,sell,MSFT
2023-01-01 00:10:17,107.76877648147203,836,buy,MSFT
2023-01-01 00:10:18,113.0620127979306,966,sell,MSFT
2023-01-01 00:10:19,112.48259690383658,893,buy,MSFT
2023-01-01 00:10:20,106.84521019356377,619,buy,MSFT
2023-01-01 00:10:21,107.0934932333671,199,sell,MSFT
2023-01-01 00:10:22,108.70472102791382,851,sell,MSFT
2023-01-01 00:10:23,109.84522985191022,577,sell,MSFT
2023-01-01 00:10:24,111.18254771530296,698,sell,MSFT
2023-01-01 00:10:25,108.68913639569773,397,sell,MSFT
2023-01-01 00:10:26,109.62534716133148,625,sell,MSFT
2023-01-01 00:10:27,112.47470938133756,433,sell,MSFT
2023-01-01 00:10:28,105.36683202890597,101,sell,MSFT
2023-01-01 00:10:29,107.52436944344021,474,buy,MSFT
2023-01-01 00:10:30,112.13349585884552,392,sell,MSFT
2023-01-01 00:10:31,113.95206837687199,936,sell,MSFT
2023-01-01 00:10:32,110.11677442115666,652,buy,MSFT
2023-01-01 00:10:33,110.32113485265316,417,sell,MSFT
2023-01-01 00:10:34,106.07172011339776,601,buy,MSFT
2023-01-01 00:10:35,109.47412366823454,927,buy,MSFT
2023-01-01 00:10:36,110.32617266455023,480,sell,MSFT
2023-01-01 00:10:37,107.42470503634729,722,buy,MSFT
2023-01-01 00:10:38,107.69243230949381,113,sell,MSFT
2023-01-01 00:10:39,108.77284163104622,603,buy,MSFT
2023-01-01 00:10:40,105.20071197777726,330,buy,MSFT
2023-01-01 00:10:41,108.22079165583179,183,buy,MSFT
2023-01-01 00:10:42,107.11448006996545,229,sell,MSFT
2023-01-01 00:10:43,108.27497352177915,842,sell,MSFT
2023-01-01 00:10:44,106.19762131819252,937,buy,MSFT
2023-01-01 00:10:45,113.90527280739894,244,buy,MSFT
2023-01-01 00:10:46,110.9359245355405,990,sell,MSFT
2023-01-01 00:10:47,111.79102319144489,956,sell,MSFT
2023-01-01 00:10:48,112.89171238607338,127,buy,MSFT
2023-01-01 00:10:49,109.98442198929057,165,buy,MSFT
2023-01-01 00:10:50,105.86920288087424,262,sell,MSFT
2023-01-01 00:10:51,110.37106541818548,328,sell,MSFT
2023-01-01 00:10:52,110.8684111802088,360,sell,MSFT
2023-01-01 00:10:53,112.4543947418433,548,sell,MSFT
2023-01-01 00:10:54,109.31659546229679,523,sell,MSFT
2023-01-01 00:10:55,106.27580302795563,559,buy,MSFT
2023-01-01 00:10:56,107.83775905798724,775,sell,MSFT
2023-01-01 00:10:57,108.63082296398635,400,buy,MSFT
2023-01-01 00:10:58,111.45917241331601,402,sell,MSFT
2023-01-01 00:10:59,110.70778304668912,386,buy,MSFT
2023-01-01 00:11:00,108.56096725897847,494,sell,MSFT
2023-01-01 00:11:01,114.86515248792979,109,sell,MSFT
2023-01-01 00:11:02,111.05774819356887,806,buy,MSFT
2023-01-01 00:11:03,107.37226791735995,729,buy,MSFT
2023-01-01 00:11:04,106.01782472620404,369,sell,MSFT
2023-01-01 00:11:05,106.52859139184332,691,sell,MSFT
2023-01-01 00:11:06,107.45957728384508,704,sell,MSFT
2023-01-01 00:11:07,106.60681373259555,877,sell,MSFT
2023-01-01 00:11:08,106.86567024051305,943,sell,MSFT
2023-01-01 00:11:09,107.85095168693847,961,buy,MSFT
2023-01-01 00:11:10,106.73373595294755,460,buy,MSFT
2023-01-01 00:11:11,113.96765424626425,356,sell,MSFT
2023-01-01 00:11:12,105.80233745661643,232,buy,MSFT
2023-01-01 00:11:13,110.24511389570254,375,buy,MSFT
2023-01-01 00:11:14,109.10396826989661,875,buy,MSFT
2023-01-01 00:11:15,114.82378616908606,782,sell,MSFT
2023-01-01 00:11:16,106.12038902168052,612,buy,MSFT
2023-01-01 00:11:17,108.97855599045742,412,sell,MSFT
2023-01-01 00:11:18,114.69470433275369,675,buy,MSFT
2023-01-01 00:11:19,113.6550712589398,985,sell,MSFT
2023-01-01 00:11:20,113.1707207094928,383,buy,MSFT
2023-01-01 00:11:21,107.5790282704494,220,sell,MSFT
2023-01-01 00:11:22,106.70887587390065,206,sell,MSFT
2023-01-01 00:11:23,111.68643219924431,786,buy,MSFT
2023-01-01 00:11:24,114.29375989127585,303,sell,MSFT
2023-01-01 00:11:25,110.56762893013929,264,sell,MSFT
2023-01-01 00:11:26,110.716126894699,404,sell,MSFT
2023-01-01 00:11:27,107.79979093660285,596,sell,MSFT
2023-01-01 00:11:28,112.69492933191937,731,sell,MSFT
2023-01-01 00:11:29,106.87043748557524,655,sell,MSFT
2023-01-01 00:11:30,108.23679236404243,923,sell,MSFT
2023-01-01 00:11:31,109.25436438616417,255,sell,MSFT
2023-01-01 00:11:32,110.07610378684456,466,buy,MSFT
2023-01-01 00:11:33,107.42409732415081,818,buy,MSFT
2023-01-01 00:11:34,106.14836824739203,719,sell,MSFT
2023-01-01 00:11:35,111.10620042441633,350,sell,MSFT
2023-01-01 00:11:36,107.88630553240256,981,buy,MSFT
2023-01-01 00:11:37,110.81238221422612,433,buy,MSFT
2023-01-01 00:11:38,106.54362715274202,741,buy,MSFT
2023-01-01 00:11:39,109.81140101854817,610,sell,MSFT
2023-01-01 00:11:40,110.32589432551586,392,buy,MSFT
2023-01-01 00:11:41,105.51823536822427,119,sell,MSFT
2023-01-01 00:11:42,108.3660427819392,381,sell,MSFT
2023-01-01 00:11:43,106.34414676938974,896,buy,MSFT
2023-01-01 00:11:44,105.63374970472768,100,sell,MSFT
2023-01-01 00:11:45,114.89960232389946,218,sell,MSFT
2023-01-01 00:11:46,108.22353844974722,134,sell,MSFT
2023-01-01 00:11:47,113.09874445854635,297,sell,MSFT
2023-01-01 00:11:48,107.54640654763764,584,buy,MSFT
2023-01-01 00:11:49,111.8150272222393,856,buy,MSFT
2023-01-01 00:11:50,112.60227859889686,158,sell,MSFT
2023-01-01 00:11:51,110.95638740607845,936,sell,MSFT
2023-01-01 00:11:52,109.71576188550158,260,buy,MSFT
2023-01-01 00:11:53,109.11840914147268,790,sell,MSFT
2023-01-01 00:11:54,108.48868266542995,305,buy,MSFT
2023-01-01 00:11:55,114.29529144247826,111,sell,MSFT
2023-01-01 00:11:56,113.3061940778773,589,sell,MSFT
2023-01-01 00:11:57,114.65026910666512,375,buy,MSFT
2023-01-01 00:11:58,106.24297223485544,792,buy,MSFT
2023-01-01 00:11:59,112.30867475203644,341,buy,MSFT
2023-01-01 00:12:00,114.38340456821038,315,buy,MSFT
2023-01-01 00:12:01,106.8123306616566,350,sell,MSFT
2023-01-01 00:12:02,105.66496267366777,910,buy,MSFT
2023-01-01 00:12:03,112.41120649290059,225,sell,MSFT
2023-01-01 00:12:04,110.74473113179911,316,buy,MSFT
2023-01-01 00:12:05,113.41828776758273,405,buy,MSFT
2023-01-01 00:12:06,106.3977237662629,896,sell,MSFT
2023-01-01 00:12:07,112.95267311859891,284,buy,MSFT
2023-01-01 00:12:08,107.01627320047744,138,buy,MSFT
2023-01-01 00:12:09,106.63655942865705,322,buy,MSFT
2023-01-01 00:12:10,106.64265797930993,283,buy,MSFT
2023-01-01 00:12:11,113.14574720231383,594,sell,MSFT
2023-01-01 00:12:12,111.651972206962,526,sell,MSFT
2023-01-01 00:12:13,110.23065424769119,277,buy,MSFT
2023-01-01 00:12:14,108.58830484123503,527,buy,MSFT
2023-01-01 00:12:15,113.77200540813108,393,buy,MSFT
2023-01-01 00:12:16,108.92445107422635,951,sell,MSFT
2023-01-01 00:12:17,113.16599439471577,250,sell,MSFT
2023-01-01 00:12:18,109.39134908570219,483,sell,MSFT
2023-01-01 00:12:19,108.76944429424907,737,sell,MSFT
2023-01-01 00:12:20,109.62679785669606,912,buy,MSFT
2023-01-01 00:12:21,108.01377874164142,407,buy,MSFT
2023-01-01 00:12:22,112.47609380176252,435,buy,MSFT
2023-01-01 00:12:23,110.02720390092479,845,sell,MSFT
2023-01-01 00:12:24,107.32212695146818,991,buy,MSFT
2023-01-01 00:12:25,113.99574573274569,474,sell,MSFT
2023-01-01 00:12:26,108.83891221373212,107,sell,MSFT
2023-01-01 00:12:27,110.43552861113989,440,buy,MSFT
2023-01-01 00:12:28,114.06472110964548,228,buy,MSFT
2023-01-01 00:12:29,111.24237995913992,875,buy,MSFT
2023-01-01 00:12:30,106.16898040708364,768,sell,MSFT
2023-01-01 00:12:31,114.39832123613475,451,sell,MSFT
2023-01-01 00:12:32,111.27708053071417,457,buy,MSFT
2023-01-01 00:12:33,108.34905614657086,616,buy,MSFT
2023-01-01 00:12:34,106.39272072663387,594,sell,MSFT
2023-01-01 00:12:35,112.94025189270296,185,buy,MSFT
2023-01-01 00:12:36,111.20072755928514,274,sell,MSFT
2023-01-01 00:12:37,110.33461091976322,901,sell,MSFT
2023-01-01 00:12:38,113.93892583050958,292,buy,MSFT
2023-01-01 00:12:39,112.88597211224531,410,buy,MSFT
2023-01-01 00:12:40,106.51674879732751,218,buy,MSFT
2023-01-01 00:12:41,108.11722067795549,317,buy,MSFT
2023-01-01 00:12:42,107.48489139814465,526,sell,MSFT
2023-01-01 00:12:43,112.43946292572677,513,sell,MSFT
2023-01-01 00:12:44,105.3353243473578,213,sell,MSFT
2023-01-01 00:12:45,110.69889684871316,244,buy,MSFT
2023-01-01 00:12:46,112.62458685740691,637,sell,MSFT
2023-01-01 00:12:47,113.76765636761749,747,buy,MSFT
2023-01-01 00:12:48,108.42081748715907,402,buy,MSFT
2023-01-01 00:12:49,113.21257304672012,843,buy,MSFT
2023-01-01 00:12:50,106.10631736955207,980,buy,MSFT
2023-01-01 00:12:51,113.46452291734518,687,buy,MSFT
2023-01-01 00:12:52,106.27488662331983,939,buy,MSFT
2023-01-01 00:12:53,108.97287290560368,444,sell,MSFT
2023-01-01 00:12:54,112.97295365779553,913,buy,MSFT
2023-01-01 00:12:55,106.49917427348774,900,sell,MSFT
2023-01-01 00:12:56,107.29251395232642,100,sell,MSFT
2023-01-01 00:12:57,112.22252568393066,246,buy,MSFT
2023-01-01 00:12:58,112.20036536546074,386,buy,MSFT
2023-01-01 00:12:59,111.41147632885297,753,buy,MSFT
2023-01-01 00:13:00,111.939484444671,152,sell,MSFT
2023-01-01 00:13:01,110.42724443347596,403,buy,MSFT
2023-01-01 00:13:02,107.51799058906953,168,sell,MSFT
2023-01-01 00:13:03,108.4569599350392,460,buy,MSFT
2023-01-01 00:13:04,106.81597716801426,701,buy,MSFT
2023-01-01 00:13:05,114.08450561333629,319,sell,MSFT
2023-01-01 00:13:06,110.8339179476612,803,sell,MSFT
2023-01-01 00:13:07,109.0085141676364,674,buy,MSFT
2023-01-01 00:13:08,109.62005803644132,684,sell,MSFT
2023-01-01 00:13:09,114.47283339611815,260,sell,MSFT
2023-01-01 00:13:10,106.5335140311608,780,sell,MSFT
2023-01-01 00:13:11,110.86229832016797,188,sell,MSFT
2023-01-01 00:13:12,110.05888678884466,787,sell,MSFT
2023-01-01 00:13:13,111.11454235434648,880,buy,MSFT
2023-01-01 00:13:14,105.1811018382084,684,buy,MSFT
2023-01-01 00:13:15,113.72123908944151,856,sell,MSFT
2023-01-01 00:13:16,114.32118282483613,688,buy,MSFT
2023-01-01 00:13:17,110.6513318358921,258,buy,MSFT
2023-01-01 00:13:18,111.96650823876892,588,sell,MSFT
2023-01-01 00:13:19,114.22499381177296,423,buy,MSFT
2023-01-01 00:13:20,112.07238634313399,709,sell,MSFT
2023-01-01 00:13:21,106.52539042914262,480,sell,MSFT
2023-01-01 00:13:22,110.76288360166814,201,buy,MSFT
2023-01-01 00:13:23,111.06715046382855,593,sell,MSFT
2023-01-01 00:13:24,109.24130671302386,743,sell,MSFT
2023-01-01 00:13:25,112.36444235624722,713,sell,MSFT
2023-01-01 00:13:26,114.34367014769015,118,sell,MSFT
2023-01-01 00:13:27,114.25568512906776,553,sell,MSFT
2023-01-01 00:13:28,109.50839371404132,581,buy,MSFT
2023-01-01 00:13:29,106.13238045840755,693,buy,MSFT
2023-01-01 00:13:30,114.84841198962334,496,sell,MSFT
2023-01-01 00:13:31,113.38898086445934,378,sell,MSFT
2023-01-01 00:13:32,106.24662681203267,950,buy,MSFT
2023-01-01 00:13:33,114.20841882617373,464,sell,MSFT
2023-01-01 00:13:34,113.69896362062129,430,buy,MSFT
2023-01-01 00:13:35,110.18838057126072,740,sell,MSFT
2023-01-01 00:13:36,110.91275435744929,443,sell,MSFT
2023-01-01 00:13:37,108.9900270387013,921,sell,MSFT
2023-01-01 00:13:38,105.54761638822032,554,sell,MSFT
2023-01-01 00:13:39,108.351972416459,700,sell,MSFT
2023-01-01 00:13:40,113.02853448598012,824,sell,MSFT
2023-01-01 00:13:41,105.04632023004604,754,sell,MSFT
2023-01-01 00:13:42,108.33499171691145,164,buy,MSFT
2023-01-01 00:13:43,108.98168693590944,175,buy,MSFT
2023-01-01 00:13:44,110.37395602937923,810,buy,MSFT
2023-01-01 00:13:45,114.19855616412761,242,sell,MSFT
2023-01-01 00:13:46,108.46345994365961,927,sell,MSFT
2023-01-01 00:13:47,108.46953201896228,704,sell,MSFT
2023-01-01 00:13:48,112.37501248109749,572,sell,MSFT
2023-01-01 00:13:49,109.52217940889807,516,sell,MSFT
2023-01-01 00:13:50,107.24604822939982,404,sell,MSFT
2023-01-01 00:13:51,109.52439516132694,835,sell,MSFT
2023-01-01 00:13:52,106.40857020379799,596,buy,MSFT
2023-01-01 00:13:53,106.76386986506223,390,sell,MSFT
2023-01-01 00:13:54,109.98367772739479,201,buy,MSFT
2023-01-01 00:13:55,109.18925449504547,366,buy,MSFT
2023-01-01 00:13:56,114.148459010681,966,sell,MSFT
2023-01-01 00:13:57,108.62393899116633,721,sell,MSFT
2023-01-01 00:13:58,110.80588350278043,941,buy,MSFT
2023-01-01 00:13:59,111.3226428791953,876,buy,MSFT
2023-01-01 00:14:00,105.13094456588334,102,sell,MSFT
2023-01-01 00:14:01,111.63537372016711,184,sell,MSFT
2023-01-01 00:14:02,106.78035966869751,893,buy,MSFT
2023-01-01 00:14:03,114.61070317469455,427,sell,MSFT
2023-01-01 00:14:04,106.48662727753113,915,sell,MSFT
2023-01-01 00:14:05,109.14624123727023,549,sell,MSFT
2023-01-01 00:14:06,105.85349668078644,553,buy,MSFT
2023-01-01 00:14:07,114.96874251845948,728,buy,MSFT
2023-01-01 00:14:08,110.02195010331242,320,buy,MSFT
2023-01-01 00:14:09,110.95385017320044,253,sell,MSFT
2023-01-01 00:14:10,105.67076477388427,764,sell,MSFT
2023-01-01 00:14:11,112.49960470399178,111,buy,MSFT
2023-01-01 00:14:12,107.09905593095586,232,buy,MSFT
2023-01-01 00:14:13,113.98054289440714,403,buy,MSFT
2023-01-01 00:14:14,107.05139640482007,392,sell,MSFT
2023-01-01 00:14:15,106.90687720663666,399,buy,MSFT
2023-01-01 00:14:16,105.36549667848095,839,buy,MSFT
2023-01-01 00:14:17,109.7206694511,882,sell,MSFT
2023-01-01 00:14:18,110.64841133262617,142,sell,MSFT
2023-01-01 00:14:19,105.65708639428352,442,sell,MSFT
2023-01-01 00:14:20,112.75527616695011,425,buy,MSFT
2023-01-01 00:14:21,109.53288834748028,913,sell,MSFT
2023-01-01 00:14:22,110.2439026932758,597,sell,MSFT
2023-01-01 00:14:23,109.40762746938228,463,buy,MSFT
2023-01-01 00:14:24,109.00763060875326,990,sell,MSFT
2023-01-01 00:14:25,110.59640331308218,526,buy,MSFT
2023-01-01 00:14:26,106.55240245930713,120,buy,MSFT
2023-01-01 00:14:27,106.81928130495271,506,sell,MSFT
2023-01-01 00:14:28,113.61785621013517,718,sell,MSFT
2023-01-01 00:14:29,114.46115462133633,435,sell,MSFT
2023-01-01 00:14:30,108.73309316279753,914,sell,MSFT
2023-01-01 00:14:31,107.70744673143554,216,sell,MSFT
2023-01-01 00:14:32,111.43999543239016,223,sell,MSFT
2023-01-01 00:14:33,109.08734171098097,498,buy,MSFT
2023-01-01 00:14:34,105.25386355660345,892,buy,MSFT
2023-01-01 00:14:35,106.5615259736619,903,sell,MSFT
2023-01-01 00:14:36,112.15972228847397,814,buy,MSFT
2023-01-01 00:14:37,111.58923941910152,150,sell,MSFT
2023-01-01 00:14:38,105.27095992503483,882,buy,MSFT
2023-01-01 00:14:39,107.21972161932949,423,buy,MSFT
2023-01-01 00:14:40,107.31074796588071,888,buy,MSFT
2023-01-01 00:14:41,111.71892743598728,240,sell,MSFT
2023-01-01 00:14:42,105.19710537754364,569,buy,MSFT
2023-01-01 00:14:43,106.04108581984573,886,sell,MSFT
2023-01-01 00:14:44,112.9991608537319,901,buy,MSFT
2023-01-01 00:14:45,106.78544662054334,433,buy,MSFT
2023-01-01 00:14:46,111.52746107851874,992,buy,MSFT
2023-01-01 00:14:47,107.38182781046727,472,buy,MSFT
2023-01-01 00:14:48,105.99441392759346,663,buy,MSFT
2023-01-01 00:14:49,107.43172190999454,593,sell,MSFT
2023-01-01 00:14:50,112.2226693185566,638,sell,MSFT
2023-01-01 00:14:51,113.55696468106285,768,buy,MSFT
2023-01-01 00:14:52,113.30219864566992,850,buy,MSFT
2023-01-01 00:14:53,108.97183529618455,255,buy,MSFT
2023-01-01 00:14:54,111.68085136570646,390,buy,MSFT
2023-01-01 00:14:55,107.04984295415821,747,sell,MSFT
2023-01-01 00:14:56,107.93147730261013,243,buy,MSFT
2023-01-01 00:14:57,113.96335818521119,205,sell,MSFT
2023-01-01 00:14:58,105.13001923510735,519,buy,MSFT
2023-01-01 00:14:59,105.85508530854469,769,sell,MSFT
2023-01-01 00:15:00,107.07886255146028,757,buy,MSFT
2023-01-01 00:15:01,105.26532203873819,101,buy,MSFT
2023-01-01 00:15:02,106.81435435089797,688,sell,MSFT
2023-01-01 00:15:03,110.83041560969693,743,buy,MSFT
2023-01-01 00:15:04,109.21424550592498,189,buy,MSFT
2023-01-01 00:15:05,113.92671711076974,444,buy,MSFT
2023-01-01 00:15:06,113.1744356173844,449,sell,MSFT
2023-01-01 00:15:07,108.41817351697875,558,buy,MSFT
